2767 4934
787 1370 1666 1487 PRAEFATIQ

320 1783 744 1867 Dialoyorum
764 1783 818 1865 ¹⁴)
865 1782 1032 1846 titulo
1070 1794 1137 1846 ut
1179 1785 1736 1870 comprehenderem
1767 1787 1998 1851 minora
2025 1782 2298 1850 Senecae

139 1898 364 1984 scripta
391 1900 807 1984 philosophica,
854 1901 1170 1965 commovit
1197 1922 1292 1965 me
1328 1913 1390 1965 et
1417 1902 1728 1968 brevitatis
1759 1902 2013 1967 studium
2054 1911 2116 1964 et
2146 1900 2299 1964 auti-

141 2017 405 2102 quissimi
438 2017 659 2081 codicis
691 2015 1160 2082 Mediolanensis
1191 2016 1280 2102 (A
1309 2017 1432 2083 vol.
1463 2014 1550 2081 II.
1584 2019 1773 2103 praes.
1808 2040 1869 2104 p.
1899 2013 2084 2082 XIII.
2118 2038 2176 2082 e.
2199 2017 2298 2101 5.)

141 2134 464 2198 auctoritas
481 2160 499 2197 ε
548 2155 871 2218 quanquam
905 2155 1026 2198 nou
1057 2134 1267 2218 ignoro
1300 2133 1363 2197 iu
1382 2133 1493 2198 ‘illo
1526 2134 1728 2200 eodiee
1753 2133 2026 2220 Dialogis
2058 2134 2299 2220 adiungi

140 2251 313 2315 etiam
345 2251 533 2315 libros
568 2251 639 2315 de
675 2248 797 2314 Ira.
887 2248 1050 2314 Idem
1087 2271 1234 2314 vero
1268 2251 1457 2331 liber,
1519 2253 1616 2337 qui
1653 2252 2047 2339 suppeditavit
2079 2271 2298 2317 nomeu

138 2388 450 2432 commuue
469 2414 489 2447 ‚
531 2368 772 2431 multum
805 2367 1053 2431 eontulit
1086 2368 1162 2431 ad
1192 2368 1701 2434 emendationem=
1769 2370 1868 2454 qui
1910 2369 2010 2433 ubi
2057 2368 2294 2448 defecit,

140 2486 199 2549 iu
236 2485 566 2549 subsidium
610 2485 822 2550 vocavi
873 2484 1132 2548 codicem
1178 2481 1630 2549 Beroliueusem
1680 2483 1761 2570 (B
1803 2487 1926 2550 voi.
1970 2482 2056 2549 Π.
2106 2485 2296 2571 praef.

138 2626 197 2688 p.
214 2599 408 2665 XIII.
440 2623 497 2664 e.
520 2612 585 2666 2.
616 2601 682 2685 β)
710 2612 813 2666 aut
838 2599 961 2667 Iae.
1002 2598 1316 2686 Bougarsii
1346 2613 1547 2667 notata
1579 2600 1804 2688 (Boug.
1841 2598 2070 2667 vol.II.
2105 2602 2297 2688 praef.

140 2743 203 2805 p.
232 2716 549 2802 XVIII.),
595 2720 851 2783 maxime
897 2719 1106 2803 quibus
1141 2719 1495 2804 adscriptum
1539 2731 1667 2785 erat
1700 2741 1783 2786 ex
1821 2718 1960 2785 Gai.
2008 2719 2164 2805 quod
2207 2718 2300 2783 iu-

143 2846 476 2922 terpretorz
522 2857 605 2900 ex
646 2835 897 2902 Cuiacii
940 2844 1123 2901 msto.
1209 2835 1450 2922 Reliqui
1494 2838 1649 2901 euim
1685 2838 1838 2917 mei,
1887 2836 2303 2921 Guelferbyta-

145 2975 255 3017 uus
287 2952 377 3037 (G
404 2955 528 3018 vol.
550 2950 605 3017 Ῐ.
639 2955 827 3040 praef.
857 2974 917 3037 p.
938 2951 1092 3016 XX.
1113 2951 1199 3017 Π.
1227 2962 1289 3018 1.
1312 2955 1401 3036 d),
1436 2952 1925 3019 Vratislavieusis
1949 2952 2036 3039 (V
2066 2952 2192 3017 vol.
2211 2947 2301 3015 Π.

146 3072 340 3153 praet.
377 3093 437 3155 p.
472 3068 563 3133 X.
600 3092 661 3134 a.
700 3070 832 3154 4.)‚
877 3068 1359 3154 Mediolanenses
1407 3069 1466 3134 D
1502 3072 1652 3156 (vol.
1694 3069 1779 3134 11.
1826 3072 2016 3155 praes.
2053 3089 2113 3153 p.
2143 3064 2298 3130 ΧΠ.

151 3206 213 3248 a.
262 3184 394 3269 14.)
420 3198 478 3250 et
510 3187 567 3250 E
596 3188 746 3271 (vol.
784 3184 869 3250 11.
906 3190 1093 3272 praef,
1135 3210 1195 3272 p.
1225 3184 1379 3249 XII.
1419 3206 1477 3250 a.
1515 3185 1691 3269 15.)‚
1739 3186 1878 3249 olim
1907 3182 2302 3259 Trossiauus‚

144 3326 303 3367 uuue
334 3279 694 3369 Havnieusis
731 3303 819 3389 (T
851 3305 913 3367 iu
947 3304 1114 3368 libris
1150 3305 1222 3368 de
1255 3301 1642 3368 Providentia
1670 3314 1732 3367 et
1763 3303 1835 3367 de
1863 3299 2172 3367 Brevitate
2192 3296 2305 3363 Vi-

144 3433 240 3485 tae
270 3441 305 3484 a
338 3421 593 3485 Trossio
641 3422 888 3485 collatu‘s
910 3467 929 3500 ‚
992 3443 1114 3485 uon
1160 3421 1565 3506 descriptus),
1612 3417 2195 3506 Gryphiswaldeusis
2234 3418 2308 3500 (g

144 3538 270 3602 vol.
289 3535 374 3601 11.
394 3540 586 3623 praef.
606 3562 667 3625 p.
686 3536 807 3602 XI.
839 3559 897 3602 a.
925 3548 990 3603 6.
1027 3538 1249 3624 passim
1277 3539 1530 3603 collatus
1554 3558 1594 3601 a
1616 3536 2077 3619 Fred..Haase)‚
2123 3533 2310 3598 multo

147 3654 396 3719 minoris
425 3666 565 3720 suut
600 3655 874 3736 habendi,
922 3666 1332 3741 praeterquam
1363 3656 1522 3739 quod
1550 3652 1610 3718 G
1636 3655 1794 3718 iuter
1826 3654 2030 3720 varias
2058 3651 2312 3734 seriptu-

146 3793 284 3850 raS,
337 3781 453 3835 tam
488 3772 650 3835 inter
682 3772 871 3837 lineas
904 3794 1075 3856 quam
1112 3772 1174 3835 iu
1222 3772 1602 3856 marginibus·
1628 3770 1966 3856 apposita-⁴1,
2019 3767 2314 3832 interdum

148 3889 329 3953 babet
386 3889 691 3953 meliores.
793 3887 931 3954 Nee
979 3888 1173 3952 maior
1222 3899 1315 3953 est
1358 3882 1551 3955 virtus
1605 3876 1886 3951 librorum
1940 3906 1975 3949 a
2022 3884 2314 3971 prioribus

151 4017 601 4091 usurpatorumz
637 4026 789 4092 quae
812 4007 887 4070 de
916 4006 1009 4070 his
1043 4017 1106 4071 et
1126 4007 1198 4071 de
1226 4004 1531 4093 impressis
1554 4004 1616 4068 iu
1637 3988 2093 4090 praefationibus
2119 3998 2311 4069 vol-I.

289 4258 334 4324 0)
370 4254 477 4308 vid.
511 4256 615 4310 vol.
641 4260 710 4311 11.
743 4258 909 4328 praef.
944 4275 995 4326 p.
1031 4261 1174 4315 XIV.
1206 4274 1260 4311 n.
1285 4259 1348 4327 ’).
