2767 4934
674 314 951 377 NArun.
1000 285 1312 390 QuAes‘r.
1358 315 1641 388 uem,
1689 325 1788 380 15.
2183 318 2304 387 537

139 477 445 562 anan-itia).
493 489 556 542 et
586 478 823 562 quaein
853 480 1099 565 lapidem
1130 503 1210 544 ex
1238 481 1465 564 liquore
1501 493 1830 548 uertuntur.
1920 481 1991 547 In
2021 486 2307 568 quaeda-

140 600 293 642 uero
323 590 485 642 terra
521 579 847 664 humorque
876 581 1195 665 putrescit,
1243 582 1398 644 sicut
1431 581 1691 646 bitumen
1729 592 1789 647 ct
1820 594 2022 648 cetera
2058 585 2191 648 huic
2224 586 2305 649 si-

138 680 326 742 milia.
421 678 589 742 Haec
635 691 730 744 est
775 701 957 744 causa
998 701 1278 765 aquarum
1318 681 1638 744 secundum
1674 683 1863 766 legem
1909 695 2156 748 naturae
2198 704 2304 749 uo-

134 781 543 864 luntatemque
587 781 976 845 nascentium.
1068 779 1351 845 Ceterum
1384 792 1450 844 ut
1485 782 1544 844 in
1583 784 1802 846 nostris
1847 785 2191 870 corporibus
2222 785 2304 850 ita
2328 803 2357 844 ε»

133 880 198 943 ἰιι
243 880 348 943 illa
391 900 569 964 saepe
613 882 889 944 humores
933 882 1076 944 uitia
1114 882 1489 966 concipiunt:
1549 892 1652 946 aut
1683 883 1838 947 ictus
1872 896 1974 948 aut
2005 886 2307 969 quassatio

135 981 343 1064 aliqua
374 992 476 1044 aut
511 981 625 1044 loci
670 981 899 1045 senium
934 993 1037 1046 aut
1071 982 1257 1065 frigus
1293 993 1395 1045 ant
1423 994 1624 1047 aestus
1655 1005 1974 1071 corrupere
2008 997 2301 1050 naturam.

135 1090 204 1144 et
229 1082 600 1165 sulphuratio
632 1082 931 1145 contraxit
958 1083 1261 1146 humorem
1290 1083 1389 1166 qui
1420 1085 1592 1147 modo
1621 1085 1928 1150 diuturnus
1958 1097 2085 1166 est,
2130 1087 2305 1150 modo

131 1181 369 1245 breuis·
458 1181 625 1266 Ergo
671 1194 736 1246 ut
775 1184 839 1246 in
872 1184 1216 1268 corporibus
1261 1184 1483 1247 nostris
1516 1185 1794 1268 sanguis,
1855 1208 1990 1250 cum
2019 1208 2304 1272 percussa

137 1292 227 1345 est
259 1303 462 1361 uena,
513 1285 730 1347 tamdiu
766 1296 998 1361 manat,
1046 1286 1235 1348 donec
1271 1285 1464 1348 omnis
1493 1285 1719 1349 effluxit
1755 1297 1857 1350 aut
1889 1288 2077 1350 donec
2113 1307 2303 1351 uenae

132 1385 407 1448 scissura
436 1384 701 1448 subsedit
736 1396 913 1469 atque
947 1386 1277 1449 interclusit
1306 1396 1410 1449 aut
1440 1385 1634 1468 aliqua
1662 1385 1778 1448 alia
1803 1405 1984 1449 causa
2010 1395 2175 1451 retro
2206 1387 2307 1449 dc-

135 1484 216 1547 dit
249 1486 651 1569 sanguinem:
710 1486 793 1550 ita
825 1487 888 1549 in
926 1497 1082 1549 terra
1120 1486 1329 1549 solutis
1367 1507 1439 1548 ac
1470 1485 1778 1570 patefactis
1813 1486 1981 1550 uenis
2011 1486 2177 1550 riuus
2207 1496 2310 1550 aut

132 1586 361 1649 flumen
396 1587 736 1650 effunditur.
825 1584 1085 1650 Interest
1126 1598 1340 1670 quanta
1388 1599 1590 1672 aperta
1636 1588 1716 1651 sit
1759 1608 1910 1651 ueua
1945 1609 2096 1671 quae
2129 1588 2302 1652 modo
2328 1601 2356 1645 6

134 1697 487 1772 cousumpta
547 1708 697 1771 aqua
744 1688 970 1766 delicit,
1039 1687 1212 1750 modo
1260 1687 1602 1749 exsiccatur
1643 1687 1840 1771 aliquo
1880 1688 2302 1772 inpedimento,

133 1789 315 1851 modo
368 1788 492 1851 coit
542 1788 706 1851 uelut
759 1788 819 1851 in
864 1787 1198 1851 cicatricem
1259 1786 1682 1869 conprimitque
1748 1808 1917 1870 quam
1972 1789 2308 1871 perfecerat

135 1889 327 1953 uiam.
420 1890 594 1952 modo
624 1889 725 1952 illa
758 1889 849 1952 uis
879 1897 1076 1951 terrae
1107 1907 1280 1970 quam
1316 1906 1452 1949 esse
1483 1887 1817 1949 mutabilem
1850 1887 2107 1950 diximus
2151 1888 2308 1951 desi·

133 1991 217 2053 nit
264 2010 453 2076 posse
499 1990 776 2052 alimenta
816 1989 878 2051 in
927 1990 1231 2051 humorem
1283 1998 1659 2051 conuertere.
1748 1987 2055 2070 aliquando
2110 1999 2307 2051 autem

136 2092 439 2155 exhausta
464 2091 768 2179 replentur
791 2090 962 2153 modo
991 2108 1099 2172 per
1124 2108 1191 2152 se
1220 2087 1442 2151 uiribus
1467 2087 1822 2167 recollectis,
1871 2089 2045 2151 modo
2071 2089 2305 2153 aliunde

133 2225 291 2279 mffl.
327 2247 397 2269 =
426 2241 547 2276 omn
561 2242 585 2276 e
631 2228 929 2275 metallorum
972 2240 1004 2286 9
1019 2238 1043 2272 e
1057 2239 1090 2272 n
1106 2239 1192 2274 us.
1257 2224 1397 2273 Fort.
1411 2245 1480 2266 =
1505 2238 1537 2273 v
1551 2226 1604 2273 el
1639 2226 1807 2285 aliqua
1840 2227 1944 2274 alia
1979 2239 2150 2275 cura.
2202 2241 2306 2275 non

135 2294 233 2342 EG
254 2293 352 2340 Gr.
379 2311 451 2341 ω.
483 2293 685 2343 Amicus
710 2294 856 2344 Grut.
876 2291 936 2342 οἱ.
953 2313 1022 2334 =
1040 2294 1192 2340 omnis

135 2362 439 2410 metallorum
470 2363 530 2422 [ο
542 2376 592 2410 m
606 2377 630 2411 e
642 2376 682 2410 s.

195 2448 323 2506 petit
354 2459 527 2494 aurum
560 2450 895 2508 arqentumque
913 2465 984 2487 ==
1000 2443 1088 2492 Ee.

137 2513 222 2562 BG
241 2515 301 2566 23
321 2546 384 2565 0..
400 2512 451 2565 ,Ω
466 2535 532 2554 =
548 2527 722 2562 amum
749 2516 1080 2574 amentiamque
1119 2507 1191 2575 [G

135 2595 270 2645 p.m.
306 2606 379 2617 —
405 2581 515 2644 que]
556 2583 687 2641 petit.
753 2580 826 2628 sG
849 2591 988 2626 =ex
1002 2579 1194 2638 ‘liquore

138 2651 444 2697 vertantur.
512 2647 661 2701 mm.
684 2667 755 2690 ==
785 2660 845 2695 ex
879 2648 1055 2706 liquore
1087 2656 1193 2693 ne·

138 2720 359 2764 ctuntur.

200 2802 257 2849 In
295 2800 591 2860 quaedam
638 2812 747 2848 vero
782 2803 907 2847 terra
939 2797 1193 2855 humorque

136 2882 169 2928 p
184 2873 244 2916 ut
259 2882 292 2916 r
304 2880 333 2914 e
344 2868 431 2915 scit
444 2887 511 2908 =
529 2867 585 2914 E.
671 2866 876 2914 Memm.
892 2884 962 2905 =
976 2865 1032 2911 ln
1047 2873 1192 2923 quae-

142 2937 253 2983 dam
287 2947 405 2982 vero
437 2938 562 2982 terra
586 2934 840 2994 humorque
869 2930 1193 2992 putrescunt.

146 3002 341 3051 B=ln
377 3001 732 3060 quibusdam
766 3013 875 3048 vero
907 2999 1070 3046 locis
1103 2999 1194 3041 ter-

139 3084 195 3117 ra
220 3071 507 3118 humorum
541 3081 698 3128 quae
732 3066 1024 3126 liquescit.
1062 3060 1194 3107 G==

144 3135 582 3198 lnquibusdam
603 3148 709 3182 vero
735 3131 1195 3181 locislocister-

142 3217 195 3260 ra
226 3206 405 3251 humor
440 3199 485 3265 [s
521 3199 628 3265 que]
666 3201 1059 3261 liquescunt.
1108 3192 1197 3242 Gr.

143 3291 208 3312 =
241 3272 301 3319 In
337 3269 697 3328 quibusdam
728 3280 839 3315 vero
873 3266 1038 3315 locis
1071 3267 1196 3309 terra

143 3339 401 3396 humorque
436 3337 824 3395 liquescunt.
891 3329 1197 3385 80003=

145 3407 195 3454 ln
226 3403 586 3466 quibusdam
621 3413 729 3449 vero
768 3397 941 3462 [mel.
969 3423 1033 3434 —
1062 3393 1195 3461 vero]

147 3474 308 3522 locis
348 3473 475 3517 lena
507 3469 762 3528 humorque
812 3467 1088 3527 liquescit.
1158 3462 1198 3509 B

148 3537 286 3587 Fort.
335 3557 406 3577 ==
449 3537 725 3583 voluntate
780 3534 1069 3582 nascentium
1124 3529 1197 3594 (B

148 3621 195 3669 p.
212 3622 283 3654 m.
303 3625 376 3647 =
402 3600 749 3664 nescentium).
818 3596 908 3648 ΡΒ.
936 3619 1005 3641 =
1036 3599 1202 3646 volun·

148 3678 382 3733 tatemque
415 3671 794 3718 natantium.

174 3796 183 3801 .
212 3755 264 3804 5.
305 3754 584 3815 nemum)
602 3752 690 3800 Gr.
713 3748 863 3804 §Bt-ss.
880 3771 949 3794 =
966 3762 1166 3799 carrum
1182 3772 1203 3784 ·

151 3838 255 3883 pere
288 3826 533 3871 naturam.
608 3821 643 3867 B
662 3845 727 3855 —
747 3823 797 3867 ut
827 3826 944 3883 post
979 3820 1118 3877 Eryo.

215 3918 447 3968 percussa
492 3909 558 3952 est
602 3916 725 3952 vena
749 3923 819 3944 ===
852 3901 981 3949 BEe.
1085 3898 1135 3946 G
1151 3898 1204 3951 Β

235 3973 374 4026 ,Ωιτ-
386 3984 614 4032 percussa
645 3983 767 4019 vena
799 3973 880 4018 est.
948 3965 1135 4028 B(soe)
1157 3963 1205 4012 G

159 4043 300 4105 (sm)
319 4061 389 4082 ==
405 4039 594 4087 tamdiu
620 4050 734 4085 man
746 4050 769 4085 e
784 4041 817 4084 l.
885 4034 924 4082 B
938 4053 1007 4075 ===
1023 4032 1206 4093 effluxit

161 4122 231 4156 ac
264 4110 483 4157 donecoe
509 4109 647 4165 atque
681 4106 803 4152 iter
833 4100 1091 4149 clausit.
1157 4096 1204 4144 G

163 4172 762 4236 (cr.oe)==intercludit.

230 4246 342 4291 aut
389 4242 555 4302 aliqua
587 4239 689 4286 alia
723 4233 1061 4286 causa=Ee.
1168 4230 1205 4278 B

1258 2290 1509 2357 vituperat
1543 2292 1686 2342 Grut.
1740 2292 1787 2340 G
1805 2292 1893 2340 Gr.
1911 2292 1962 2345 Β
1980 2326 2039 2346 ...
2057 2293 2106 2346 ST
2121 2313 2192 2335 =
2206 2307 2238 2342 υ
2252 2296 2306 2342 el

1257 2361 1421 2420 aliqua
1456 2361 1560 2408 alta
1588 2372 1752 2408 causa.
1820 2360 2063 2409 Ee===ita
2095 2362 2307 2410 inter-

1257 2441 1291 2476 a
1307 2440 1339 2474 a
1372 2429 1536 2476 solutis
1568 2440 1627 2475 ae
1656 2441 1711 2487 p.

1326 2487 1375 2542 6.
1410 2497 1612 2553 quanta
1644 2497 1812 2552 aperta
1844 2495 1904 2541 sit
1935 2506 2058 2542 vena
2074 2492 2250 2540 ==sG.

1259 2560 1331 2608 Ee
1361 2581 1433 2602 =
1458 2563 1640 2620 quanta
1681 2563 1850 2618 aperta
1882 2573 1905 2607 e
1920 2565 1976 2607 et
2008 2572 2145 2608 vena.
2215 2558 2308 2606 BG

1258 2631 1559 2688 =qwn10
1593 2629 1758 2686 aperta
1790 2628 1850 2674 Su
1882 2639 2020 2674 vena·
2090 2626 2307 2680 ”³000st

1260 2715 1326 2737 =
1341 2708 1472 2755 quan
1485 2698 1502 2741 t
1515 2707 1607 2742 um
1639 2698 1807 2753 aperta
1839 2695 1899 2741 sit
1932 2707 2069 2742 vena.

1327 2775 1486 2822 quae
1519 2762 1694 2809 modo
1726 2765 2003 2821 cousumpta
2034 2775 2164 2822 aqua
2198 2763 2310 2810 de-

1259 2828 1650 2892 ficit=EeG.
1746 2826 2309 2890 Qe1.=qu0moao

1259 2899 1537 2954 consumpta
1586 2893 1699 2955 [Gr.
1737 2910 1853 2941 mss.
1888 2897 2008 2958 Ops.
2043 2897 2135 2959 =--]
2180 2908 2312 2956 aqua

1261 2963 1295 3010 d
1309 2976 1333 3010 e
1345 2963 1397 3021 fi
1411 2976 1435 3010 c
1450 2964 1467 3008 ι’
1481 2964 1514 3007 t.
1551 2957 1965 3022 Distinguendum
1995 2969 2141 3025 putat
2161 2960 2306 3008 Grut.

1260 3044 1289 3089 q
1305 3042 1337 3074 u
1350 3041 1378 3074 o
1393 3041 1441 3074 m
1454 3040 1482 3073 o
1493 3026 1527 3072 d
1539 3040 1566 3073 o
1614 3031 1890 3086 consumpta
1933 3039 2080 3085 aqua.
2147 3028 2313 3087 Deficit

1261 3095 1402 3142 modo
1437 3095 1493 3140 et
1526 3094 1803 3140 exsiccatur.
1869 3092 1909 3138 -B
1932 3090 2069 3139 Fort.
2102 3090 2199 3145 (32.
2216 3124 2232 3143 .
2255 3125 2271 3144 .
2292 3127 2308 3144 .

1264 3159 1720 3220 ,sta-quomodo
1755 3161 2028 3216 consumpta
2050 3170 2180 3217 aqua
2201 3160 2308 3206 sit.

1266 3229 1419 3289 B(cr.
1442 3227 1528 3287 ω)
1561 3246 1630 3267 =
1657 3224 1798 3272 modo
1830 3224 1993 3271 colit
2025 3225 2234 3272 velutin
2269 3237 2311 3272 c.

1263 3293 1417 3348 Qffil.
1443 3315 1511 3336 =
1539 3291 1731 3342 valde
1765 3293 1814 3355 in
1849 3291 2127 3340 cicatricem.
2201 3287 2309 3339 Col.

1262 3384 1332 3405 =
1349 3367 1457 3412 aut
1489 3365 1539 3412 in
1571 3360 1849 3409 cicatricem.
1920 3373 1948 3406 e
1964 3360 2188 3408 —velut.
2226 3356 2310 3406 BE

1268 3429 1471 3479 GFort.
1501 3427 1623 3478 Pau,
1650 3444 1727 3474 ω.

1332 3497 1669 3559 conprimitque
1684 3506 1832 3556 quam
1859 3508 1895 3554 p
1909 3507 1933 3542 e
1945 3494 2155 3554 rfecerat
2181 3497 2314 3544 viam

1265 3586 1335 3608 ===
1370 3565 1441 3612 Ee
1458 3560 1546 3613 1²3.
1651 3561 1689 3608 B
1721 3583 1788 3603 =
1818 3563 2169 3622 comprimitque
2223 3563 2313 3609 il-

1268 3636 1394 3681 lam
1428 3642 1574 3693 quam
1605 3630 1841 3690 fecerit
1872 3631 2021 3677 viam.
2089 3627 2312 3677 Fort.=

1268 3692 1532 3759 comprimit
1592 3697 1784 3744 ittam
1840 3708 1986 3755 quam
2033 3694 2315 3753 perfecerit

1267 3769 1417 3816 viam.
1488 3762 1647 3812 GCol.
1667 3757 1753 3809 1²4.
1775 3762 1843 3812 ‘R
1860 3793 1918 3813 ..0
1938 3760 1989 3811 3
2003 3780 2071 3800 ==
2094 3775 2146 3802 m
2170 3771 2316 3819 quom

1272 3835 1490 3895 {ecerat
1520 3832 1668 3878 viam.
1739 3829 1789 3879 Β
1808 3859 1825 3877 .
1844 3859 1861 3878 .
1878 3859 1893 3877 .
1912 3826 2316 3885 (3=1›remit-

1270 3913 1358 3960 que
1392 3910 1537 3958 quam
1571 3897 1742 3957 {ecerat
1772 3895 1921 3940 viam.
1996 3892 2030 3938 B
2064 3911 2131 3934 =
2159 3895 2319 3940 muta-

1272 3968 1410 4014 bilem
1443 3976 1554 4011 esse.
1627 3958 1795 4022 (301.)
1816 3955 1941 4006 Pau.
1960 3956 2109 4011 §BQL
2128 3956 2233 4011 9132.
2256 3963 2308 4014 -Ι-

1272 4046 1349 4080 an
1364 4035 1381 4077 t
1396 4044 1420 4078 e
1452 4029 1683 4077 exhausta
1705 4028 1957 4086 replentur.
2012 4025 2088 4072 BE
2108 4023 2212 4073 Col.
2240 4044 2314 4075 ω.

1276 4096 1484 4158 G(s<=>)
1516 4092 1653 4143 Pinc-
1677 4108 1727 4143 V.
1745 4091 1780 4140 l.
1812 4088 1923 4139 Col.
1950 4090 2101 4146 >8510
2117 4097 2317 4143 =m⁴ri-

1273 4167 1359 4212 bus
1408 4163 1685 4211 collectis.
1772 4160 1809 4207 B
1841 4160 2078 4209 ==modo
2125 4163 2318 4213 altundc

1275 4235 1381 4280 tran
1397 4243 1421 4279 s
1435 4243 1466 4278 a
1480 4243 1505 4278 c
1520 4233 1535 4278 t
1551 4230 1567 4278 i
1583 4242 1621 4278 s.
1733 4260 1736 4265 -
2213 4260 2219 4265 -
