<?xml version="1.0" encoding="UTF-8"?>
<!DOCTYPE html PUBLIC "-//W3C//DTD XHTML 1.0 Transitional//EN"
    "http://www.w3.org/TR/xhtml1/DTD/xhtml1-transitional.dtd">
<html xmlns="http://www.w3.org/1999/xhtml" xml:lang="en" lang="en">
 <head>
  <title>
</title>
<meta http-equiv="Content-Type" content="text/html;charset=utf-8" />
  <meta name='ocr-system' content='tesseract 3.04.00' />
  <meta name='ocr-capabilities' content='ocr_page ocr_carea ocr_par ocr_line ocrx_word'/>
</head>
<body>
  <div class='ocr_page' id='page_1' title='image "./lannaeisenecaeo00unkngoog_0140.png"; bbox 0 0 2767 4934; ppageno 0'>
   <div class='ocr_carea' id='block_1_1' title="bbox 463 355 582 418">
    <p class='ocr_par' dir='ltr' id='par_1_1' title="bbox 463 355 582 418">
     <span class='ocr_line' id='line_1_1' title="bbox 463 355 582 418; baseline 0 0"><span class='ocrx_word' id='word_1_1' title='bbox 463 355 582 418; x_wconf 90' lang='lat'><strong>110</strong></span> 
     </span>
    </p>
   </div>
   <div class='ocr_carea' id='block_1_2' title="bbox 459 515 926 601">
    <p class='ocr_par' dir='ltr' id='par_1_2' title="bbox 459 515 926 601">
     <span class='ocr_line' id='line_1_2' title="bbox 459 515 926 601; baseline -0.009 -17"><span class='ocrx_word' id='word_1_2' title='bbox 459 518 663 584; x_wconf 74' lang='lat' dir='ltr'><strong>mirari</strong></span> <span class='ocrx_word' id='word_1_3' title='bbox 699 515 926 601; x_wconf 76' lang='lat' dir='ltr'><strong>possis:</strong></span> 
     </span>
    </p>
   </div>
   <div class='ocr_carea' id='block_1_3' title="bbox 1291 348 1988 412">
    <p class='ocr_par' dir='ltr' id='par_1_3' title="bbox 1291 348 1988 412">
     <span class='ocr_line' id='line_1_3' title="bbox 1291 348 1988 412; baseline 0.001 -3"><span class='ocrx_word' id='word_1_4' title='bbox 1291 350 1395 410; x_wconf 82' lang='lat' dir='ltr'><strong>AD</strong></span> <span class='ocrx_word' id='word_1_5' title='bbox 1441 348 1792 412; x_wconf 74' lang='lat' dir='ltr'><strong>MARclAM</strong></span> <span class='ocrx_word' id='word_1_6' title='bbox 1981 369 1988 376; x_wconf 86' lang='lat'><strong>·</strong></span> 
     </span>
    </p>
   </div>
   <div class='ocr_carea' id='block_1_4' title="bbox 992 511 2679 601">
    <p class='ocr_par' dir='ltr' id='par_1_4' title="bbox 992 511 2679 601">
     <span class='ocr_line' id='line_1_4' title="bbox 992 511 2679 601; baseline 0.001 -23"><span class='ocrx_word' id='word_1_7' title='bbox 992 515 1215 579; x_wconf 86' lang='lat' dir='ltr'><strong>uidebis</strong></span> <span class='ocrx_word' id='word_1_8' title='bbox 1257 517 1505 600; x_wconf 80' lang='lat' dir='ltr'><strong>primum</strong></span> <span class='ocrx_word' id='word_1_9' title='bbox 1547 516 1731 601; x_wconf 79' lang='lat' dir='ltr'><strong>ipsam</strong></span> <span class='ocrx_word' id='word_1_10' title='bbox 1766 512 2015 578; x_wconf 79' lang='lat' dir='ltr'><strong>insulam</strong></span> <span class='ocrx_word' id='word_1_11' title='bbox 2051 513 2125 577; x_wconf 78' lang='lat' dir='ltr'><strong>ab</strong></span> <span class='ocrx_word' id='word_1_12' title='bbox 2156 511 2329 578; x_wconf 75' lang='lat' dir='ltr'><strong>Italia</strong></span> <span class='ocrx_word' id='word_1_13' title='bbox 2364 521 2679 598; x_wconf 63' lang='lat' dir='ltr'><strong>angusto</strong></span> 
     </span>
    </p>
   </div>
   <div class='ocr_carea' id='block_1_5' title="bbox 458 616 2670 700">
    <p class='ocr_par' dir='ltr' id='par_1_5' title="bbox 458 616 2670 700">
     <span class='ocr_line' id='line_1_5' title="bbox 458 616 2670 700; baseline -0.002 -20"><span class='ocrx_word' id='word_1_14' title='bbox 458 618 856 683; x_wconf 77' lang='lat' dir='ltr'>interscissam</span> <span class='ocrx_word' id='word_1_15' title='bbox 891 617 1043 680; x_wconf 81' lang='lat' dir='ltr'><strong>freto</strong></span> <span class='ocrx_word' id='word_1_16' title='bbox 1080 636 1251 700; x_wconf 80' lang='lat' dir='ltr'><strong>quam</strong></span> <span class='ocrx_word' id='word_1_17' title='bbox 1286 616 1610 681; x_wconf 78' lang='lat' dir='ltr'><strong>continenti</strong></span> <span class='ocrx_word' id='word_1_18' title='bbox 1647 617 1938 700; x_wconf 78' lang='lat' dir='ltr'><strong>quondam</strong></span> <span class='ocrx_word' id='word_1_19' title='bbox 1978 616 2317 679; x_wconf 76' lang='lat' dir='ltr'><strong>cohaesisse</strong></span> <span class='ocrx_word' id='word_1_20' title='bbox 2358 625 2670 680; x_wconf 72' lang='lat' dir='ltr'><strong>constat.</strong></span> 
     </span>
    </p>
   </div>
   <div class='ocr_carea' id='block_1_6' title="bbox 420 717 1424 810">
    <p class='ocr_par' dir='ltr' id='par_1_6' title="bbox 420 717 1424 810">
     <span class='ocr_line' id='line_1_6' title="bbox 420 717 1424 810; baseline -0.002 -26"><span class='ocrx_word' id='word_1_21' title='bbox 420 719 710 810; x_wconf 18' lang='lat' dir='ltr'><strong>&#39;subitum</strong></span> <span class='ocrx_word' id='word_1_22' title='bbox 751 717 852 782; x_wconf 84' lang='lat' dir='ltr'><strong>illo</strong></span> <span class='ocrx_word' id='word_1_23' title='bbox 896 736 1059 781; x_wconf 76' lang='lat' dir='ltr'><strong>mare</strong></span> <span class='ocrx_word' id='word_1_24' title='bbox 1100 717 1319 802; x_wconf 77' lang='lat' dir='ltr'><strong>inrupit</strong></span> <span class='ocrx_word' id='word_1_25' title='bbox 1361 728 1424 782; x_wconf 84' lang='lat' dir='ltr'><strong>et</strong></span> 
     </span>
    </p>
   </div>
   <div class='ocr_carea' id='block_1_7' title="bbox 459 816 2754 1105">
    <p class='ocr_par' dir='ltr' id='par_1_7' title="bbox 459 816 2754 1105">
     <span class='ocr_line' id='line_1_7' title="bbox 863 816 2068 900; baseline -0.001 -19"><span class='ocrx_word' id='word_1_26' title='bbox 863 817 1250 900; x_wconf 65' lang='lat' dir='ltr'><strong>Hesperium</strong></span> <span class='ocrx_word' id='word_1_27' title='bbox 1292 816 1520 883; x_wconf 70' lang='lat' dir='ltr'><strong>Siculo</strong></span> <span class='ocrx_word' id='word_1_28' title='bbox 1563 818 1735 883; x_wconf 86' lang='lat' dir='ltr'><strong>latus</strong></span> <span class='ocrx_word' id='word_1_29' title='bbox 1775 816 2068 882; x_wconf 78' lang='lat' dir='ltr'><strong><em>abscidit.</em></strong></span> 
     </span>
     <span class='ocr_line' id='line_1_8' title="bbox 460 917 2754 1003; baseline -0 -21"><span class='ocrx_word' id='word_1_30' title='bbox 460 918 669 983; x_wconf 78' lang='lat' dir='ltr'><strong>deinde</strong></span> <span class='ocrx_word' id='word_1_31' title='bbox 705 917 931 981; x_wconf 83' lang='lat' dir='ltr'><strong>uidebis</strong></span> <span class='ocrx_word' id='word_1_32' title='bbox 963 918 1189 1003; x_wconf 75' lang='lat' dir='ltr'><strong>(licebit</strong></span> <span class='ocrx_word' id='word_1_33' title='bbox 1221 918 1376 982; x_wconf 83' lang='lat' dir='ltr'><strong>enim</strong></span> <span class='ocrx_word' id='word_1_34' title='bbox 1409 919 1512 982; x_wconf 81' lang='lat' dir='ltr'><strong>tibi</strong></span> <span class='ocrx_word' id='word_1_35' title='bbox 1546 918 1950 982; x_wconf 81' lang='lat' dir='ltr'><strong>auidissimum</strong></span> <span class='ocrx_word' id='word_1_36' title='bbox 1988 918 2171 982; x_wconf 79' lang='lat' dir='ltr'><strong>maris</strong></span> <span class='ocrx_word' id='word_1_37' title='bbox 2207 918 2501 982; x_wconf 80' lang='lat' dir='ltr'><strong>uerticem</strong></span> <span class='ocrx_word' id='word_1_38' title='bbox 2533 938 2666 981; x_wconf 79' lang='lat' dir='ltr'><strong>re·-</strong></span> <span class='ocrx_word' id='word_1_39' title='bbox 2753 967 2754 970; x_wconf 16' lang='grc' dir='ltr'>η</span> 
     </span>
     <span class='ocr_line' id='line_1_9' title="bbox 459 1015 2754 1105; baseline -0 -21"><span class='ocrx_word' id='word_1_40' title='bbox 459 1019 781 1104; x_wconf 81' lang='lat' dir='ltr'><strong>stringere)</strong></span> <span class='ocrx_word' id='word_1_41' title='bbox 807 1028 1049 1083; x_wconf 78' lang='lat' dir='ltr'><strong>stratam</strong></span> <span class='ocrx_word' id='word_1_42' title='bbox 1072 1018 1229 1083; x_wconf 79' lang='lat' dir='ltr'><strong>illam</strong></span> <span class='ocrx_word' id='word_1_43' title='bbox 1256 1019 1581 1084; x_wconf 78' lang='lat' dir='ltr'><strong>fabulosam</strong></span> <span class='ocrx_word' id='word_1_44' title='bbox 1600 1015 1981 1105; x_wconf 75' lang='lat' dir='ltr'><strong>Charybdim,</strong></span> <span class='ocrx_word' id='word_1_45' title='bbox 2016 1019 2289 1103; x_wconf 81' lang='lat' dir='ltr'><strong>quamdiu</strong></span> <span class='ocrx_word' id='word_1_46' title='bbox 2312 1018 2387 1083; x_wconf 80' lang='lat' dir='ltr'><strong>ab</strong></span> <span class='ocrx_word' id='word_1_47' title='bbox 2409 1029 2662 1083; x_wconf 79' lang='lat' dir='ltr'><strong>austro</strong></span> <span class='ocrx_word' id='word_1_48' title='bbox 2753 1063 2754 1070; x_wconf 21' lang='grc' dir='ltr'><strong>κ</strong></span> 
     </span>
    </p>
   </div>
   <div class='ocr_carea' id='block_1_8' title="bbox 455 1185 1503 3579">
    <p class='ocr_par' dir='ltr' id='par_1_8' title="bbox 458 1185 1502 1516">
     <span class='ocr_line' id='line_1_10' title="bbox 464 1185 1502 1248; baseline -0.001 -12"><span class='ocrx_word' id='word_1_49' title='bbox 464 1185 573 1236; x_wconf 88' lang='lat' dir='ltr'><strong>Col.</strong></span> <span class='ocrx_word' id='word_1_50' title='bbox 602 1187 922 1248; x_wconf 55' lang='lat' dir='ltr'><strong>358=quae</strong></span> <span class='ocrx_word' id='word_1_51' title='bbox 954 1189 1121 1237; x_wconf 87' lang='lat' dir='ltr'><strong>mirari</strong></span> <span class='ocrx_word' id='word_1_52' title='bbox 1148 1190 1380 1248; x_wconf 82' lang='lat' dir='ltr'><strong>possint.</strong></span> <span class='ocrx_word' id='word_1_53' title='bbox 1454 1187 1502 1235; x_wconf 89' lang='lat' dir='ltr'>G</span> 
     </span>
     <span class='ocr_line' id='line_1_11' title="bbox 461 1253 1501 1315; baseline -0.001 -10"><span class='ocrx_word' id='word_1_54' title='bbox 461 1256 508 1305; x_wconf 87' lang='lat' dir='ltr'>V</span> <span class='ocrx_word' id='word_1_55' title='bbox 532 1275 604 1298; x_wconf 90' lang='lat'><em>=</em></span> <span class='ocrx_word' id='word_1_56' title='bbox 633 1268 754 1315; x_wconf 81' lang='lat' dir='ltr'><strong>quae</strong></span> <span class='ocrx_word' id='word_1_57' title='bbox 779 1255 948 1303; x_wconf 87' lang='lat' dir='ltr'><strong>mirari</strong></span> <span class='ocrx_word' id='word_1_58' title='bbox 989 1260 1240 1315; x_wconf 80' lang='lat' dir='ltr'><strong>possunt.</strong></span> <span class='ocrx_word' id='word_1_59' title='bbox 1310 1253 1399 1304; x_wconf 71' lang='lat'><strong>1³3.</strong></span> <span class='ocrx_word' id='word_1_60' title='bbox 1431 1277 1501 1298; x_wconf 91' lang='grc' dir='ltr'><strong>Ξ</strong></span> 
     </span>
     <span class='ocr_line' id='line_1_12' title="bbox 458 1323 1502 1386; baseline 0.002 -14"><span class='ocrx_word' id='word_1_61' title='bbox 458 1336 579 1384; x_wconf 78' lang='lat' dir='ltr'><strong>quae</strong></span> <span class='ocrx_word' id='word_1_62' title='bbox 610 1323 869 1371; x_wconf 86' lang='lat' dir='ltr'><strong>admirari</strong></span> <span class='ocrx_word' id='word_1_63' title='bbox 891 1326 1140 1383; x_wconf 82' lang='lat' dir='ltr'><strong>possunt.</strong></span> <span class='ocrx_word' id='word_1_64' title='bbox 1207 1323 1253 1370; x_wconf 93' lang='lat' dir='ltr'>D</span> <span class='ocrx_word' id='word_1_65' title='bbox 1283 1342 1353 1366; x_wconf 77' lang='grc' dir='ltr'><strong>Ξ</strong></span> <span class='ocrx_word' id='word_1_66' title='bbox 1381 1338 1502 1386; x_wconf 82' lang='lat' dir='ltr'><strong>quae</strong></span> 
     </span>
     <span class='ocr_line' id='line_1_13' title="bbox 461 1386 1501 1456; baseline 0.002 -19"><span class='ocrx_word' id='word_1_67' title='bbox 461 1391 636 1437; x_wconf 88' lang='lat' dir='ltr'><strong>mirari</strong></span> <span class='ocrx_word' id='word_1_68' title='bbox 679 1394 870 1450; x_wconf 88' lang='lat' dir='ltr'><strong>potes.</strong></span> <span class='ocrx_word' id='word_1_69' title='bbox 942 1386 1037 1442; x_wconf 68' lang='lat' dir='ltr'><strong>ai.</strong></span> <span class='ocrx_word' id='word_1_70' title='bbox 1058 1423 1074 1441; x_wconf 82' lang='lat'><strong>.</strong></span> <span class='ocrx_word' id='word_1_71' title='bbox 1094 1423 1111 1442; x_wconf 87' lang='grc'><strong>.</strong></span> <span class='ocrx_word' id='word_1_72' title='bbox 1131 1424 1147 1442; x_wconf 82' lang='grc'><strong>.</strong></span> <span class='ocrx_word' id='word_1_73' title='bbox 1169 1391 1249 1443; x_wconf 69' lang='lat' dir='ltr'><strong>§Bo</strong></span> <span class='ocrx_word' id='word_1_74' title='bbox 1278 1409 1353 1438; x_wconf 75' lang='grc' dir='ltr'><strong>ω.</strong></span> <span class='ocrx_word' id='word_1_75' title='bbox 1421 1391 1501 1456; x_wconf 84' lang='lat' dir='ltr'><strong>vg</strong></span> 
     </span>
     <span class='ocr_line' id='line_1_14' title="bbox 459 1458 923 1516; baseline 0.011 -18"><span class='ocrx_word' id='word_1_76' title='bbox 459 1476 528 1498; x_wconf 82' lang='lat'><strong>=</strong></span> <span class='ocrx_word' id='word_1_77' title='bbox 539 1458 719 1516; x_wconf 81' lang='lat' dir='ltr'><strong>primo</strong></span> <span class='ocrx_word' id='word_1_78' title='bbox 752 1458 923 1516; x_wconf 89' lang='lat' dir='ltr'><strong>ipsam.</strong></span> 
     </span>
    </p>

    <p class='ocr_par' dir='ltr' id='par_1_9' title="bbox 461 1524 1502 1711">
     <span class='ocr_line' id='line_1_15' title="bbox 529 1524 1502 1588; baseline 0.001 -17"><span class='ocrx_word' id='word_1_79' title='bbox 529 1525 891 1571; x_wconf 78' lang='lat' dir='ltr'><strong>interscissam</strong></span> <span class='ocrx_word' id='word_1_80' title='bbox 918 1544 986 1565; x_wconf 92' lang='grc' dir='ltr'><strong>Ξ</strong></span> <span class='ocrx_word' id='word_1_81' title='bbox 1019 1525 1079 1570; x_wconf 81' lang='grc' dir='ltr'><strong>Α.</strong></span> <span class='ocrx_word' id='word_1_82' title='bbox 1183 1524 1229 1570; x_wconf 89' lang='lat' dir='ltr'>D</span> <span class='ocrx_word' id='word_1_83' title='bbox 1246 1526 1413 1588; x_wconf 85' lang='lat' dir='ltr'><strong>(s.m.)</strong></span> <span class='ocrx_word' id='word_1_84' title='bbox 1431 1546 1502 1567; x_wconf 89' lang='lat'><em>=</em></span> 
     </span>
     <span class='ocr_line' id='line_1_16' title="bbox 461 1589 1498 1655; baseline 0.002 -18"><span class='ocrx_word' id='word_1_85' title='bbox 461 1591 793 1639; x_wconf 88' lang='lat' dir='ltr'><strong>interscisam.</strong></span> <span class='ocrx_word' id='word_1_86' title='bbox 863 1589 1087 1652; x_wconf 88' lang='lat' dir='ltr'><strong>D(p.m.)</strong></span> <span class='ocrx_word' id='word_1_87' title='bbox 1113 1589 1348 1655; x_wconf 67' lang='lat' dir='ltr'><strong>BGvgz:</strong></span> <span class='ocrx_word' id='word_1_88' title='bbox 1381 1625 1398 1643; x_wconf 85' lang='lat'><strong>.</strong></span> <span class='ocrx_word' id='word_1_89' title='bbox 1432 1625 1449 1644; x_wconf 81' lang='grc'><strong>.</strong></span> <span class='ocrx_word' id='word_1_90' title='bbox 1481 1627 1498 1645; x_wconf 85' lang='grc'><strong>.</strong></span> 
     </span>
     <span class='ocr_line' id='line_1_17' title="bbox 462 1657 1500 1711; baseline 0.007 -10"><span class='ocrx_word' id='word_1_91' title='bbox 462 1657 544 1709; x_wconf 67' lang='lat' dir='ltr'><strong>sso</strong></span> <span class='ocrx_word' id='word_1_92' title='bbox 574 1675 645 1698; x_wconf 92' lang='grc' dir='ltr'><strong>Ξ</strong></span> <span class='ocrx_word' id='word_1_93' title='bbox 671 1657 1027 1703; x_wconf 64' lang='lat' dir='ltr'><strong>intercisam·</strong></span> <span class='ocrx_word' id='word_1_94' title='bbox 1077 1658 1126 1709; x_wconf 64' lang='lat' dir='ltr'><strong>:E</strong></span> <span class='ocrx_word' id='word_1_95' title='bbox 1155 1690 1171 1708; x_wconf 91' lang='lat'><strong>.</strong></span> <span class='ocrx_word' id='word_1_96' title='bbox 1205 1691 1220 1709; x_wconf 85' lang='lat'><strong>.</strong></span> <span class='ocrx_word' id='word_1_97' title='bbox 1256 1692 1273 1711; x_wconf 88' lang='lat'><strong>.</strong></span> <span class='ocrx_word' id='word_1_98' title='bbox 1306 1658 1401 1710; x_wconf 61' lang='lat'><strong>(31.</strong></span> <span class='ocrx_word' id='word_1_99' title='bbox 1432 1681 1500 1701; x_wconf 91' lang='lat'>=</span> 
     </span>
    </p>

    <p class='ocr_par' dir='ltr' id='par_1_10' title="bbox 634 1723 1503 1782">
     <span class='ocr_line' id='line_1_18' title="bbox 634 1723 1503 1782; baseline 0.006 -12"><span class='ocrx_word' id='word_1_100' title='bbox 634 1725 697 1771; x_wconf 89' lang='lat' dir='ltr'><strong>in</strong></span> <span class='ocrx_word' id='word_1_101' title='bbox 726 1723 971 1771; x_wconf 81' lang='lat' dir='ltr'><strong>continenti</strong></span> <span class='ocrx_word' id='word_1_102' title='bbox 996 1724 1236 1782; x_wconf 83' lang='lat' dir='ltr'><strong>quondam</strong></span> <span class='ocrx_word' id='word_1_103' title='bbox 1268 1729 1503 1775; x_wconf 88' lang='lat' dir='ltr'><strong>cessis-</strong></span> 
     </span>
    </p>

    <p class='ocr_par' dir='ltr' id='par_1_11' title="bbox 460 1786 1501 2452">
     <span class='ocr_line' id='line_1_19' title="bbox 462 1786 1500 1855; baseline 0 -17"><span class='ocrx_word' id='word_1_104' title='bbox 462 1802 523 1838; x_wconf 74' lang='lat' dir='ltr'><strong>se</strong></span> <span class='ocrx_word' id='word_1_105' title='bbox 559 1787 725 1854; x_wconf 53' lang='lat' dir='ltr'><strong>(mssl.</strong></span> <span class='ocrx_word' id='word_1_106' title='bbox 738 1802 860 1836; x_wconf 83' lang='lat' dir='ltr'><strong>===a</strong></span> <span class='ocrx_word' id='word_1_107' title='bbox 891 1788 1051 1852; x_wconf 61' lang='lat' dir='ltr'><strong>cont).</strong></span> <span class='ocrx_word' id='word_1_108' title='bbox 1119 1786 1205 1838; x_wconf 81' lang='lat' dir='ltr'><strong>P2.</strong></span> <span class='ocrx_word' id='word_1_109' title='bbox 1213 1792 1381 1855; x_wconf 70' lang='lat' dir='ltr'><strong>(mm)</strong></span> <span class='ocrx_word' id='word_1_110' title='bbox 1404 1792 1500 1846; x_wconf 62' lang='grc' dir='ltr'><em>ᾶῖ</em></span> 
     </span>
     <span class='ocr_line' id='line_1_20' title="bbox 462 1858 1500 1917; baseline 0.007 -17"><span class='ocrx_word' id='word_1_111' title='bbox 462 1877 530 1898; x_wconf 83' lang='grc' dir='ltr'><strong>Ξ</strong></span> <span class='ocrx_word' id='word_1_112' title='bbox 547 1870 693 1917; x_wconf 80' lang='lat' dir='ltr'><strong>quam</strong></span> <span class='ocrx_word' id='word_1_113' title='bbox 719 1858 967 1904; x_wconf 84' lang='lat' dir='ltr'><strong>continenti</strong></span> <span class='ocrx_word' id='word_1_114' title='bbox 995 1859 1234 1916; x_wconf 81' lang='lat' dir='ltr'><strong>quondam</strong></span> <span class='ocrx_word' id='word_1_115' title='bbox 1271 1874 1406 1909; x_wconf 84' lang='lat' dir='ltr'><strong>cess</strong></span> <span class='ocrx_word' id='word_1_116' title='bbox 1422 1861 1440 1908; x_wconf 92' lang='lat' dir='ltr'><strong>i</strong></span> <span class='ocrx_word' id='word_1_117' title='bbox 1454 1874 1500 1907; x_wconf 86' lang='lat' dir='ltr'><strong>s·</strong></span> 
     </span>
     <span class='ocr_line' id='line_1_21' title="bbox 462 1921 1499 2000; baseline 0.002 -27"><span class='ocrx_word' id='word_1_118' title='bbox 462 1938 524 1973; x_wconf 84' lang='lat' dir='ltr'><strong>se</strong></span> <span class='ocrx_word' id='word_1_119' title='bbox 561 1921 729 2000; x_wconf 70' lang='grc' dir='ltr'><strong>(ηιᾶ2.</strong></span> <span class='ocrx_word' id='word_1_120' title='bbox 742 1924 1111 1972; x_wconf 84' lang='lat' dir='ltr'><strong>=iunctam</strong></span> <span class='ocrx_word' id='word_1_121' title='bbox 1143 1925 1317 1991; x_wconf 88' lang='lat' dir='ltr'><strong>esse).</strong></span> <span class='ocrx_word' id='word_1_122' title='bbox 1367 1925 1499 1975; x_wconf 85' lang='lat' dir='ltr'><strong>Rell.</strong></span> 
     </span>
     <span class='ocr_line' id='line_1_22' title="bbox 460 1987 1501 2043; baseline 0.005 -5"><span class='ocrx_word' id='word_1_123' title='bbox 460 1987 612 2038; x_wconf 79' lang='lat' dir='ltr'><strong>etiam</strong></span> <span class='ocrx_word' id='word_1_124' title='bbox 627 1988 762 2038; x_wconf 88' lang='lat' dir='ltr'><strong>Pinc.</strong></span> <span class='ocrx_word' id='word_1_125' title='bbox 782 1990 868 2038; x_wconf 88' lang='lat' dir='ltr'><strong>Gr.</strong></span> <span class='ocrx_word' id='word_1_126' title='bbox 880 2007 955 2037; x_wconf 76' lang='grc' dir='ltr'><strong>ω.</strong></span> <span class='ocrx_word' id='word_1_127' title='bbox 995 1989 1313 2042; x_wconf 85' lang='lat' dir='ltr'><strong>G=subito</strong></span> <span class='ocrx_word' id='word_1_128' title='bbox 1338 1996 1501 2043; x_wconf 87' lang='lat' dir='ltr'><strong>illum</strong></span> 
     </span>
     <span class='ocr_line' id='line_1_23' title="bbox 460 2056 1502 2111; baseline 0.003 -5"><span class='ocrx_word' id='word_1_129' title='bbox 460 2071 608 2106; x_wconf 88' lang='lat' dir='ltr'><strong>mare.</strong></span> <span class='ocrx_word' id='word_1_130' title='bbox 677 2056 847 2105; x_wconf 86' lang='lat' dir='ltr'><strong>Germ.</strong></span> <span class='ocrx_word' id='word_1_131' title='bbox 877 2059 959 2109; x_wconf 64' lang='lat'><strong>235.</strong></span> <span class='ocrx_word' id='word_1_132' title='bbox 1017 2057 1148 2111; x_wconf 45' lang='lat'><strong>4⁴22.</strong></span> <span class='ocrx_word' id='word_1_133' title='bbox 1161 2063 1412 2110; x_wconf 86' lang='lat' dir='ltr'><strong>=subito</strong></span> <span class='ocrx_word' id='word_1_134' title='bbox 1442 2063 1502 2109; x_wconf 90' lang='lat' dir='ltr'><strong>il·</strong></span> 
     </span>
     <span class='ocr_line' id='line_1_24' title="bbox 464 2120 1501 2190; baseline 0.003 -18"><span class='ocrx_word' id='word_1_135' title='bbox 464 2125 560 2174; x_wconf 89' lang='lat' dir='ltr'><strong>lud</strong></span> <span class='ocrx_word' id='word_1_136' title='bbox 592 2137 739 2171; x_wconf 89' lang='lat' dir='ltr'><strong>mare.</strong></span> <span class='ocrx_word' id='word_1_137' title='bbox 806 2120 1197 2173; x_wconf 80' lang='lat' dir='ltr'><strong>P2.=subitum</strong></span> <span class='ocrx_word' id='word_1_138' title='bbox 1228 2129 1372 2190; x_wconf 80' lang='lat' dir='ltr'><strong>illud</strong></span> <span class='ocrx_word' id='word_1_139' title='bbox 1394 2140 1501 2176; x_wconf 90' lang='lat' dir='ltr'><strong>ma-</strong></span> 
     </span>
     <span class='ocr_line' id='line_1_25' title="bbox 461 2190 1497 2249; baseline 0.008 -15"><span class='ocrx_word' id='word_1_140' title='bbox 461 2202 528 2237; x_wconf 89' lang='lat' dir='ltr'><strong>re.</strong></span> <span class='ocrx_word' id='word_1_141' title='bbox 596 2190 728 2235; x_wconf 83' lang='lat' dir='ltr'><strong>B—</strong></span> <span class='ocrx_word' id='word_1_142' title='bbox 661 2210 728 2230; x_wconf 88' lang='lat'>=</span> <span class='ocrx_word' id='word_1_143' title='bbox 757 2192 1014 2249; x_wconf 80' lang='lat' dir='ltr'><strong><em>irrumpit.</em></strong></span> <span class='ocrx_word' id='word_1_144' title='bbox 1087 2190 1227 2238; x_wconf 82' lang='lat' dir='ltr'><strong>Grut.</strong></span> <span class='ocrx_word' id='word_1_145' title='bbox 1274 2209 1334 2240; x_wconf 80' lang='lat' dir='ltr'><strong>ex</strong></span> <span class='ocrx_word' id='word_1_146' title='bbox 1387 2192 1497 2246; x_wconf 73' lang='grc' dir='ltr'><strong>(ξ’2.</strong></span> 
     </span>
     <span class='ocr_line' id='line_1_26' title="bbox 460 2253 1500 2314; baseline 0.004 -11"><span class='ocrx_word' id='word_1_147' title='bbox 460 2253 591 2303; x_wconf 87' lang='lat' dir='ltr'><strong>male</strong></span> <span class='ocrx_word' id='word_1_148' title='bbox 617 2253 788 2303; x_wconf 86' lang='lat' dir='ltr'><strong>laudat</strong></span> <span class='ocrx_word' id='word_1_149' title='bbox 823 2258 997 2314; x_wconf 79' lang='lat' dir='ltr'><strong>erupit</strong></span> <span class='ocrx_word' id='word_1_150' title='bbox 1025 2264 1078 2302; x_wconf 87' lang='lat' dir='ltr'><strong>et</strong></span> <span class='ocrx_word' id='word_1_151' title='bbox 1110 2255 1182 2304; x_wconf 85' lang='lat' dir='ltr'><strong>ait</strong></span> <span class='ocrx_word' id='word_1_152' title='bbox 1217 2258 1500 2307; x_wconf 80' lang='lat' dir='ltr'><strong>consentire</strong></span> 
     </span>
     <span class='ocr_line' id='line_1_27' title="bbox 460 2319 1501 2387; baseline 0.006 -20"><span class='ocrx_word' id='word_1_153' title='bbox 460 2319 549 2370; x_wconf 85' lang='lat' dir='ltr'><strong>P2.</strong></span> <span class='ocrx_word' id='word_1_154' title='bbox 618 2338 753 2387; x_wconf 67' lang='grc'><strong>8.-</strong></span> <span class='ocrx_word' id='word_1_155' title='bbox 682 2343 753 2364; x_wconf 96' lang='grc' dir='ltr'><strong>Ξ</strong></span> <span class='ocrx_word' id='word_1_156' title='bbox 783 2333 1072 2381; x_wconf 87' lang='lat' dir='ltr'><strong>esperum</strong></span> <span class='ocrx_word' id='word_1_157' title='bbox 1106 2324 1282 2372; x_wconf 86' lang='lat' dir='ltr'><strong>Siculo.</strong></span> <span class='ocrx_word' id='word_1_158' title='bbox 1351 2328 1400 2378; x_wconf 65' lang='lat' dir='ltr'><strong><em>z</em></strong></span> <span class='ocrx_word' id='word_1_159' title='bbox 1429 2347 1501 2368; x_wconf 92' lang='lat'>=</span> 
     </span>
     <span class='ocr_line' id='line_1_28' title="bbox 461 2389 1498 2452; baseline 0.004 -14"><span class='ocrx_word' id='word_1_160' title='bbox 461 2401 760 2449; x_wconf 63' lang='lat' dir='ltr'><strong>eze-perum</strong></span> <span class='ocrx_word' id='word_1_161' title='bbox 795 2389 968 2436; x_wconf 84' lang='lat' dir='ltr'><strong>Siculo.</strong></span> <span class='ocrx_word' id='word_1_162' title='bbox 1040 2390 1178 2440; x_wconf 55' lang='grc' dir='ltr'><strong>ΕΞ</strong></span> <span class='ocrx_word' id='word_1_163' title='bbox 1202 2392 1498 2452; x_wconf 79' lang='lat' dir='ltr'><strong>hesperum.</strong></span> 
     </span>
    </p>

    <p class='ocr_par' dir='ltr' id='par_1_12' title="bbox 456 2455 1500 2776">
     <span class='ocr_line' id='line_1_29' title="bbox 526 2455 1397 2520; baseline 0.002 -16"><span class='ocrx_word' id='word_1_164' title='bbox 526 2458 727 2506; x_wconf 79' lang='lat' dir='ltr'><strong>licebit</strong></span> <span class='ocrx_word' id='word_1_165' title='bbox 758 2456 882 2504; x_wconf 89' lang='lat' dir='ltr'><strong>enim</strong></span> <span class='ocrx_word' id='word_1_166' title='bbox 905 2474 977 2498; x_wconf 85' lang='grc' dir='ltr'><strong>Ξ</strong></span> <span class='ocrx_word' id='word_1_167' title='bbox 1009 2456 1175 2520; x_wconf 85' lang='lat' dir='ltr'><strong>BADg</strong></span> <span class='ocrx_word' id='word_1_168' title='bbox 1192 2455 1282 2506; x_wconf 81' lang='lat'><strong>1²3.</strong></span> <span class='ocrx_word' id='word_1_169' title='bbox 1300 2459 1397 2512; x_wconf 65' lang='lat'><strong>82</strong></span> 
     </span>
     <span class='ocr_line' id='line_1_30' title="bbox 460 2473 1500 2581; baseline 0.005 -10"><span class='ocrx_word' id='word_1_170' title='bbox 460 2520 550 2577; x_wconf 74' lang='grc'><strong>24.</strong></span> <span class='ocrx_word' id='word_1_171' title='bbox 654 2522 759 2572; x_wconf 89' lang='lat' dir='ltr'><strong>Col.</strong></span> <span class='ocrx_word' id='word_1_172' title='bbox 790 2519 880 2571; x_wconf 76' lang='lat'><strong>1³4.</strong></span> <span class='ocrx_word' id='word_1_173' title='bbox 915 2523 1064 2581; x_wconf 59' lang='grc' dir='ltr'><strong>ᾧτε).</strong></span> <span class='ocrx_word' id='word_1_174' title='bbox 1123 2473 1242 2577; x_wconf 37' lang='lat'>‘3³8⁰</span> <span class='ocrx_word' id='word_1_175' title='bbox 1272 2547 1342 2568; x_wconf 91' lang='lat'>=</span> <span class='ocrx_word' id='word_1_176' title='bbox 1371 2493 1500 2576; x_wconf 66' lang='lat' dir='ltr'><strong>ficet</strong></span> 
     </span>
     <span class='ocr_line' id='line_1_31' title="bbox 459 2590 1498 2644; baseline 0.005 -5"><span class='ocrx_word' id='word_1_177' title='bbox 459 2593 598 2640; x_wconf 88' lang='lat' dir='ltr'><strong>enim.</strong></span> <span class='ocrx_word' id='word_1_178' title='bbox 672 2590 803 2638; x_wconf 81' lang='lat' dir='ltr'><strong>G—</strong></span> <span class='ocrx_word' id='word_1_179' title='bbox 733 2612 803 2634; x_wconf 88' lang='lat'>=</span> <span class='ocrx_word' id='word_1_180' title='bbox 819 2591 969 2637; x_wconf 81' lang='lat' dir='ltr'><strong>licebit</strong></span> <span class='ocrx_word' id='word_1_181' title='bbox 1003 2593 1086 2639; x_wconf 84' lang='lat' dir='ltr'><strong>tibi</strong></span> <span class='ocrx_word' id='word_1_182' title='bbox 1113 2606 1209 2639; x_wconf 92' lang='lat' dir='ltr'><strong>om.</strong></span> <span class='ocrx_word' id='word_1_183' title='bbox 1242 2595 1381 2641; x_wconf 88' lang='lat' dir='ltr'><strong>enim.</strong></span> <span class='ocrx_word' id='word_1_184' title='bbox 1450 2595 1498 2644; x_wconf 88' lang='lat' dir='ltr'><strong>V</strong></span> 
     </span>
     <span class='ocr_line' id='line_1_32' title="bbox 458 2654 1497 2722; baseline 0.003 -16"><span class='ocrx_word' id='word_1_185' title='bbox 458 2679 526 2699; x_wconf 91' lang='lat'>=</span> <span class='ocrx_word' id='word_1_186' title='bbox 553 2660 732 2706; x_wconf 88' lang='lat' dir='ltr'><strong>videbis</strong></span> <span class='ocrx_word' id='word_1_187' title='bbox 763 2654 871 2722; x_wconf 88' lang='grc' dir='ltr'><strong>[Ρ2.</strong></span> <span class='ocrx_word' id='word_1_188' title='bbox 887 2657 977 2718; x_wconf 89' lang='grc' dir='ltr'><strong>Ξ]</strong></span> <span class='ocrx_word' id='word_1_189' title='bbox 1012 2659 1316 2707; x_wconf 82' lang='lat' dir='ltr'><strong>celebrem</strong></span> <span class='ocrx_word' id='word_1_190' title='bbox 1348 2665 1408 2709; x_wconf 87' lang='lat' dir='ltr'><strong>et</strong></span> <span class='ocrx_word' id='word_1_191' title='bbox 1440 2675 1497 2709; x_wconf 91' lang='lat' dir='ltr'><strong>a-</strong></span> 
     </span>
     <span class='ocr_line' id='line_1_33' title="bbox 456 2720 1427 2776; baseline 0.005 -5"><span class='ocrx_word' id='word_1_192' title='bbox 456 2725 768 2771; x_wconf 86' lang='lat' dir='ltr'><strong>vidissimum.</strong></span> <span class='ocrx_word' id='word_1_193' title='bbox 841 2720 948 2769; x_wconf 90' lang='lat' dir='ltr'><strong>Col.</strong></span> <span class='ocrx_word' id='word_1_194' title='bbox 966 2743 1035 2766; x_wconf 92' lang='grc' dir='ltr'><strong>Ξ</strong></span> <span class='ocrx_word' id='word_1_195' title='bbox 1052 2726 1136 2771; x_wconf 88' lang='lat' dir='ltr'><strong>tibi</strong></span> <span class='ocrx_word' id='word_1_196' title='bbox 1168 2728 1312 2775; x_wconf 81' lang='lat' dir='ltr'><strong>ovid</strong></span> <span class='ocrx_word' id='word_1_197' title='bbox 1326 2741 1350 2775; x_wconf 87' lang='lat' dir='ltr'><strong>e</strong></span> <span class='ocrx_word' id='word_1_198' title='bbox 1362 2741 1427 2776; x_wconf 89' lang='lat' dir='ltr'><strong>m.</strong></span> 
     </span>
    </p>

    <p class='ocr_par' dir='ltr' id='par_1_13' title="bbox 455 2791 1498 3579">
     <span class='ocr_line' id='line_1_34' title="bbox 521 2791 1496 2851; baseline 0.005 -13"><span class='ocrx_word' id='word_1_199' title='bbox 521 2792 737 2838; x_wconf 86' lang='lat' dir='ltr'><strong>verticem</strong></span> <span class='ocrx_word' id='word_1_200' title='bbox 762 2791 1085 2851; x_wconf 84' lang='lat' dir='ltr'><strong>restringere)</strong></span> <span class='ocrx_word' id='word_1_201' title='bbox 1118 2797 1401 2842; x_wconf 87' lang='lat' dir='ltr'><strong>stratam</strong></span> <span class='ocrx_word' id='word_1_202' title='bbox 1437 2796 1496 2843; x_wconf 86' lang='lat' dir='ltr'><strong>il·</strong></span> 
     </span>
     <span class='ocr_line' id='line_1_35' title="bbox 458 2857 1498 2921; baseline 0.004 -16"><span class='ocrx_word' id='word_1_203' title='bbox 458 2859 557 2905; x_wconf 81' lang='lat' dir='ltr'><strong>lam</strong></span> <span class='ocrx_word' id='word_1_204' title='bbox 602 2858 867 2918; x_wconf 84' lang='lat' dir='ltr'><strong>fabulosam</strong></span> <span class='ocrx_word' id='word_1_205' title='bbox 906 2857 1192 2916; x_wconf 70' lang='lat' dir='ltr'><strong>Charybdim</strong></span> <span class='ocrx_word' id='word_1_206' title='bbox 1204 2894 1221 2920; x_wconf 90' lang='lat'><strong>,</strong></span> <span class='ocrx_word' id='word_1_207' title='bbox 1271 2874 1301 2921; x_wconf 81' lang='lat' dir='ltr'><strong><em>q</em></strong></span> <span class='ocrx_word' id='word_1_208' title='bbox 1316 2876 1349 2909; x_wconf 91' lang='lat' dir='ltr'><strong>u</strong></span> <span class='ocrx_word' id='word_1_209' title='bbox 1364 2875 1396 2908; x_wconf 94' lang='lat' dir='ltr'><strong>a</strong></span> <span class='ocrx_word' id='word_1_210' title='bbox 1410 2876 1460 2909; x_wconf 88' lang='lat' dir='ltr'><strong>m</strong></span> <span class='ocrx_word' id='word_1_211' title='bbox 1476 2888 1498 2898; x_wconf 92' lang='lat'><em>-</em></span> 
     </span>
     <span class='ocr_line' id='line_1_36' title="bbox 458 2924 1498 2988; baseline 0.006 -17"><span class='ocrx_word' id='word_1_212' title='bbox 458 2924 563 2971; x_wconf 88' lang='lat' dir='ltr'><strong>diu</strong></span> <span class='ocrx_word' id='word_1_213' title='bbox 596 2925 657 2970; x_wconf 92' lang='lat' dir='ltr'><strong>ab</strong></span> <span class='ocrx_word' id='word_1_214' title='bbox 698 2927 858 2971; x_wconf 83' lang='lat' dir='ltr'><strong>austro</strong></span> <span class='ocrx_word' id='word_1_215' title='bbox 890 2928 1112 2985; x_wconf 88' lang='lat' dir='ltr'><strong>vacat,</strong></span> <span class='ocrx_word' id='word_1_216' title='bbox 1161 2931 1212 2974; x_wconf 87' lang='lat' dir='ltr'><strong>at</strong></span> <span class='ocrx_word' id='word_1_217' title='bbox 1255 2929 1298 2975; x_wconf 92' lang='lat' dir='ltr'><strong>si</strong></span> <span class='ocrx_word' id='word_1_218' title='bbox 1344 2930 1498 2988; x_wconf 81' lang='lat' dir='ltr'><strong>quid</strong></span> 
     </span>
     <span class='ocr_line' id='line_1_37' title="bbox 455 2991 1498 3056; baseline 0.007 -19"><span class='ocrx_word' id='word_1_219' title='bbox 455 2991 565 3038; x_wconf 87' lang='lat' dir='ltr'><strong>inde</strong></span> <span class='ocrx_word' id='word_1_220' title='bbox 595 2992 1030 3039; x_wconf 80' lang='lat' dir='ltr'><strong>vehementius</strong></span> <span class='ocrx_word' id='word_1_221' title='bbox 1060 2994 1291 3054; x_wconf 77' lang='lat' dir='ltr'><strong>spiravit,</strong></span> <span class='ocrx_word' id='word_1_222' title='bbox 1323 3008 1498 3056; x_wconf 87' lang='lat' dir='ltr'><strong>magno</strong></span> 
     </span>
     <span class='ocr_line' id='line_1_38' title="bbox 458 3056 1498 3124; baseline 0.007 -21"><span class='ocrx_word' id='word_1_223' title='bbox 458 3058 687 3104; x_wconf 83' lang='lat' dir='ltr'><strong>hiatu—</strong></span> <span class='ocrx_word' id='word_1_224' title='bbox 618 3078 687 3098; x_wconf 85' lang='lat'>=</span> <span class='ocrx_word' id='word_1_225' title='bbox 716 3057 889 3120; x_wconf 89' lang='lat' dir='ltr'><strong>Bong.</strong></span> <span class='ocrx_word' id='word_1_226' title='bbox 902 3066 954 3104; x_wconf 85' lang='lat' dir='ltr'><strong>et</strong></span> <span class='ocrx_word' id='word_1_227' title='bbox 983 3056 1055 3106; x_wconf 86' lang='lat' dir='ltr'><strong>ita</strong></span> <span class='ocrx_word' id='word_1_228' title='bbox 1085 3058 1192 3107; x_wconf 79' lang='lat' dir='ltr'><strong>fere</strong></span> <span class='ocrx_word' id='word_1_229' title='bbox 1221 3060 1399 3124; x_wconf 84' lang='lat' dir='ltr'><strong>optimi</strong></span> <span class='ocrx_word' id='word_1_230' title='bbox 1427 3060 1498 3111; x_wconf 75' lang='lat' dir='ltr'><strong>li-</strong></span> 
     </span>
     <span class='ocr_line' id='line_1_39' title="bbox 456 3121 1494 3188; baseline 0.006 -17"><span class='ocrx_word' id='word_1_231' title='bbox 456 3121 549 3172; x_wconf 80' lang='lat' dir='ltr'><strong>bri.</strong></span> <span class='ocrx_word' id='word_1_232' title='bbox 618 3126 744 3172; x_wconf 80' lang='grc' dir='ltr'><strong>Α-</strong></span> <span class='ocrx_word' id='word_1_233' title='bbox 679 3156 744 3166; x_wconf 87' lang='grc'><strong>..-</strong></span> <span class='ocrx_word' id='word_1_234' title='bbox 757 3126 973 3172; x_wconf 84' lang='lat' dir='ltr'><strong>verticem</strong></span> <span class='ocrx_word' id='word_1_235' title='bbox 997 3130 1269 3188; x_wconf 65' lang='lat' dir='ltr'><strong>restringere</strong></span> <span class='ocrx_word' id='word_1_236' title='bbox 1296 3134 1494 3177; x_wconf 86' lang='lat' dir='ltr'><strong>stratam</strong></span> 
     </span>
     <span class='ocr_line' id='line_1_40' title="bbox 456 3193 1495 3274; baseline 0.006 -36"><span class='ocrx_word' id='word_1_237' title='bbox 456 3193 591 3239; x_wconf 89' lang='lat' dir='ltr'><strong>illam</strong></span> <span class='ocrx_word' id='word_1_238' title='bbox 638 3193 902 3253; x_wconf 73' lang='lat' dir='ltr'><strong>fabulosam</strong></span> <span class='ocrx_word' id='word_1_239' title='bbox 953 3193 1207 3243; x_wconf 81' lang='lat' dir='ltr'><strong>Charibdi</strong></span> <span class='ocrx_word' id='word_1_240' title='bbox 1254 3209 1495 3274; x_wconf 81' lang='lat' dir='ltr'><strong>aquam.</strong></span> 
     </span>
     <span class='ocr_line' id='line_1_41' title="bbox 455 3258 1497 3322; baseline 0.007 -18"><span class='ocrx_word' id='word_1_241' title='bbox 455 3258 539 3305; x_wconf 88' lang='lat' dir='ltr'><strong>diu</strong></span> <span class='ocrx_word' id='word_1_242' title='bbox 570 3264 712 3306; x_wconf 86' lang='lat' dir='ltr'><strong>vacat</strong></span> <span class='ocrx_word' id='word_1_243' title='bbox 746 3259 875 3320; x_wconf 84' lang='lat' dir='ltr'><strong>[s.m.</strong></span> <span class='ocrx_word' id='word_1_244' title='bbox 907 3263 1198 3322; x_wconf 79' lang='lat' dir='ltr'><strong>vocatam]</strong></span> <span class='ocrx_word' id='word_1_245' title='bbox 1235 3267 1286 3308; x_wconf 89' lang='lat' dir='ltr'><strong>at</strong></span> <span class='ocrx_word' id='word_1_246' title='bbox 1315 3265 1356 3310; x_wconf 89' lang='lat' dir='ltr'><strong>si</strong></span> <span class='ocrx_word' id='word_1_247' title='bbox 1379 3265 1497 3322; x_wconf 81' lang='lat' dir='ltr'><strong>quid</strong></span> 
     </span>
     <span class='ocr_line' id='line_1_42' title="bbox 455 3325 1492 3386; baseline 0.006 -16"><span class='ocrx_word' id='word_1_248' title='bbox 455 3325 564 3371; x_wconf 83' lang='lat' dir='ltr'><strong>inde</strong></span> <span class='ocrx_word' id='word_1_249' title='bbox 584 3326 892 3371; x_wconf 82' lang='lat' dir='ltr'><strong>vehementius</strong></span> <span class='ocrx_word' id='word_1_250' title='bbox 913 3326 1113 3381; x_wconf 78' lang='lat' dir='ltr'><strong>spiravit</strong></span> <span class='ocrx_word' id='word_1_251' title='bbox 1140 3340 1313 3386; x_wconf 87' lang='lat' dir='ltr'><strong>magno</strong></span> <span class='ocrx_word' id='word_1_252' title='bbox 1342 3328 1492 3377; x_wconf 78' lang='lat' dir='ltr'><strong>biatu.</strong></span> 
     </span>
     <span class='ocr_line' id='line_1_43' title="bbox 457 3389 1496 3450; baseline 0.008 -16"><span class='ocrx_word' id='word_1_253' title='bbox 457 3389 497 3434; x_wconf 91' lang='lat' dir='ltr'>B</span> <span class='ocrx_word' id='word_1_254' title='bbox 526 3408 596 3430; x_wconf 94' lang='grc' dir='ltr'><strong>Ξ</strong></span> <span class='ocrx_word' id='word_1_255' title='bbox 625 3392 841 3437; x_wconf 87' lang='lat' dir='ltr'><strong>verticem</strong></span> <span class='ocrx_word' id='word_1_256' title='bbox 873 3391 1146 3450; x_wconf 70' lang='lat' dir='ltr'><strong>restringere</strong></span> <span class='ocrx_word' id='word_1_257' title='bbox 1174 3396 1496 3442; x_wconf 86' lang='lat' dir='ltr'><strong>constitu-</strong></span> 
     </span>
     <span class='ocr_line' id='line_1_44' title="bbox 456 3455 1495 3517; baseline 0.006 -16"><span class='ocrx_word' id='word_1_258' title='bbox 456 3459 584 3501; x_wconf 85' lang='lat' dir='ltr'><strong>tam</strong></span> <span class='ocrx_word' id='word_1_259' title='bbox 627 3456 760 3502; x_wconf 91' lang='lat' dir='ltr'><strong>illam</strong></span> <span class='ocrx_word' id='word_1_260' title='bbox 802 3455 1068 3513; x_wconf 75' lang='lat' dir='ltr'><strong>fabulosam</strong></span> <span class='ocrx_word' id='word_1_261' title='bbox 1114 3459 1376 3517; x_wconf 76' lang='lat' dir='ltr'><strong>Charybdi</strong></span> <span class='ocrx_word' id='word_1_262' title='bbox 1424 3474 1495 3507; x_wconf 87' lang='lat' dir='ltr'><strong>a-</strong></span> 
     </span>
     <span class='ocr_line' id='line_1_45' title="bbox 457 3521 1494 3579; baseline 0.009 -13"><span class='ocrx_word' id='word_1_263' title='bbox 457 3533 638 3579; x_wconf 79' lang='lat' dir='ltr'><strong>quam</strong></span> <span class='ocrx_word' id='word_1_264' title='bbox 669 3522 754 3567; x_wconf 88' lang='lat' dir='ltr'><strong>diu</strong></span> <span class='ocrx_word' id='word_1_265' title='bbox 786 3521 847 3568; x_wconf 91' lang='lat' dir='ltr'><strong>ab</strong></span> <span class='ocrx_word' id='word_1_266' title='bbox 875 3524 1036 3568; x_wconf 85' lang='lat' dir='ltr'><strong>austro</strong></span> <span class='ocrx_word' id='word_1_267' title='bbox 1061 3529 1335 3573; x_wconf 86' lang='lat' dir='ltr'><strong>vacatam.</strong></span> <span class='ocrx_word' id='word_1_268' title='bbox 1371 3528 1494 3575; x_wconf 86' lang='lat' dir='ltr'><strong>atsi</strong></span> 
     </span>
    </p>
   </div>
   <div class='ocr_carea' id='block_1_9' title="bbox 456 3587 1515 3653">
    <p class='ocr_par' dir='ltr' id='par_1_14' title="bbox 456 3587 1515 3653">
     <span class='ocr_line' id='line_1_46' title="bbox 456 3587 1515 3653; baseline 0.008 -19"><span class='ocrx_word' id='word_1_269' title='bbox 456 3589 545 3647; x_wconf 80' lang='lat' dir='ltr'><strong>qui</strong></span> <span class='ocrx_word' id='word_1_270' title='bbox 563 3590 581 3634; x_wconf 85' lang='lat' dir='ltr'><strong>t</strong></span> <span class='ocrx_word' id='word_1_271' title='bbox 603 3587 714 3635; x_wconf 86' lang='lat' dir='ltr'><strong>inde</strong></span> <span class='ocrx_word' id='word_1_272' title='bbox 741 3587 1051 3637; x_wconf 75' lang='lat' dir='ltr'><strong>vehementius</strong></span> <span class='ocrx_word' id='word_1_273' title='bbox 1079 3593 1279 3649; x_wconf 82' lang='lat' dir='ltr'><strong>spiravit</strong></span> <span class='ocrx_word' id='word_1_274' title='bbox 1317 3589 1515 3653; x_wconf 70' lang='lat' dir='ltr'><strong>magno&#39;</strong></span> 
     </span>
    </p>
   </div>
   <div class='ocr_carea' id='block_1_10' title="bbox 448 3653 1494 4250">
    <p class='ocr_par' dir='ltr' id='par_1_15' title="bbox 448 3653 1494 4250">
     <span class='ocr_line' id='line_1_47' title="bbox 453 3653 1494 3717; baseline 0.005 -15"><span class='ocrx_word' id='word_1_275' title='bbox 453 3655 600 3702; x_wconf 78' lang='lat' dir='ltr'><strong>biatu.</strong></span> <span class='ocrx_word' id='word_1_276' title='bbox 671 3653 719 3701; x_wconf 87' lang='lat' dir='ltr'><strong>G</strong></span> <span class='ocrx_word' id='word_1_277' title='bbox 733 3675 799 3697; x_wconf 81' lang='grc' dir='ltr'><strong>Ξ</strong></span> <span class='ocrx_word' id='word_1_278' title='bbox 819 3655 1033 3702; x_wconf 87' lang='lat' dir='ltr'><strong>verticem</strong></span> <span class='ocrx_word' id='word_1_279' title='bbox 1064 3660 1336 3717; x_wconf 87' lang='lat' dir='ltr'><strong>restringere</strong></span> <span class='ocrx_word' id='word_1_280' title='bbox 1368 3664 1494 3708; x_wconf 89' lang='lat' dir='ltr'><strong>stra-</strong></span> 
     </span>
     <span class='ocr_line' id='line_1_48' title="bbox 454 3721 1492 3783; baseline 0.003 -13"><span class='ocrx_word' id='word_1_281' title='bbox 454 3726 591 3770; x_wconf 85' lang='lat' dir='ltr'><strong>otam</strong></span> <span class='ocrx_word' id='word_1_282' title='bbox 617 3724 754 3770; x_wconf 90' lang='lat' dir='ltr'><strong>illam</strong></span> <span class='ocrx_word' id='word_1_283' title='bbox 783 3721 1052 3783; x_wconf 75' lang='lat' dir='ltr'><strong>fabulosam</strong></span> <span class='ocrx_word' id='word_1_284' title='bbox 1075 3725 1408 3772; x_wconf 76' lang='lat' dir='ltr'><strong>caribdim</strong></span> <span class='ocrx_word' id='word_1_285' title='bbox 1437 3740 1492 3773; x_wconf 89' lang='lat' dir='ltr'><strong>a·</strong></span> 
     </span>
     <span class='ocr_line' id='line_1_49' title="bbox 452 3790 1491 3848; baseline 0.004 -12"><span class='ocrx_word' id='word_1_286' title='bbox 452 3803 639 3848; x_wconf 79' lang='lat' dir='ltr'><strong>guam</strong></span> <span class='ocrx_word' id='word_1_287' title='bbox 669 3791 755 3838; x_wconf 87' lang='lat' dir='ltr'><strong>diu</strong></span> <span class='ocrx_word' id='word_1_288' title='bbox 797 3790 858 3835; x_wconf 89' lang='lat' dir='ltr'><strong>ab</strong></span> <span class='ocrx_word' id='word_1_289' title='bbox 892 3792 1052 3836; x_wconf 83' lang='lat' dir='ltr'><strong>austro</strong></span> <span class='ocrx_word' id='word_1_290' title='bbox 1093 3796 1491 3840; x_wconf 83' lang='lat' dir='ltr'><strong>vacaturam.</strong></span> 
     </span>
     <span class='ocr_line' id='line_1_50' title="bbox 452 3856 1494 3918; baseline 0.004 -15"><span class='ocrx_word' id='word_1_291' title='bbox 452 3860 507 3902; x_wconf 81' lang='lat' dir='ltr'><strong>at</strong></span> <span class='ocrx_word' id='word_1_292' title='bbox 541 3858 584 3902; x_wconf 83' lang='lat' dir='ltr'><strong>si</strong></span> <span class='ocrx_word' id='word_1_293' title='bbox 629 3858 744 3916; x_wconf 79' lang='lat' dir='ltr'><strong>quid</strong></span> <span class='ocrx_word' id='word_1_294' title='bbox 789 3856 899 3904; x_wconf 76' lang='lat' dir='ltr'><strong>inde</strong></span> <span class='ocrx_word' id='word_1_295' title='bbox 939 3856 1248 3907; x_wconf 80' lang='lat' dir='ltr'><strong>vehementius</strong></span> <span class='ocrx_word' id='word_1_296' title='bbox 1291 3860 1494 3918; x_wconf 74' lang='lat' dir='ltr'><strong>spiravit</strong></span> 
     </span>
     <span class='ocr_line' id='line_1_51' title="bbox 452 3923 1491 3982; baseline 0.005 -13"><span class='ocrx_word' id='word_1_297' title='bbox 452 3933 626 3981; x_wconf 81' lang='lat' dir='ltr'><strong>magno</strong></span> <span class='ocrx_word' id='word_1_298' title='bbox 667 3925 854 3982; x_wconf 77' lang='lat' dir='ltr'><strong>hyatu.</strong></span> <span class='ocrx_word' id='word_1_299' title='bbox 923 3923 971 3971; x_wconf 93' lang='lat' dir='ltr'><strong>V</strong></span> <span class='ocrx_word' id='word_1_300' title='bbox 997 3943 1067 3967; x_wconf 90' lang='grc' dir='ltr'><strong>Ξ</strong></span> <span class='ocrx_word' id='word_1_301' title='bbox 1094 3926 1312 3973; x_wconf 84' lang='lat' dir='ltr'><strong>verticem</strong></span> <span class='ocrx_word' id='word_1_302' title='bbox 1343 3940 1491 3974; x_wconf 88' lang='lat' dir='ltr'><strong>con-</strong></span> 
     </span>
     <span class='ocr_line' id='line_1_52' title="bbox 450 3991 1490 4053; baseline 0.004 -17"><span class='ocrx_word' id='word_1_303' title='bbox 450 3991 671 4048; x_wconf 89' lang='lat' dir='ltr'><strong>stringere</strong></span> <span class='ocrx_word' id='word_1_304' title='bbox 692 3993 889 4037; x_wconf 86' lang='lat' dir='ltr'><strong>stratam</strong></span> <span class='ocrx_word' id='word_1_305' title='bbox 916 3992 1053 4040; x_wconf 83' lang='lat' dir='ltr'><strong>illam</strong></span> <span class='ocrx_word' id='word_1_306' title='bbox 1082 3993 1347 4053; x_wconf 75' lang='lat' dir='ltr'><strong>fabulosam</strong></span> <span class='ocrx_word' id='word_1_307' title='bbox 1365 3994 1490 4040; x_wconf 80' lang='lat' dir='ltr'><strong>Cha-</strong></span> 
     </span>
     <span class='ocr_line' id='line_1_53' title="bbox 451 4056 1487 4115; baseline 0.007 -14"><span class='ocrx_word' id='word_1_308' title='bbox 451 4056 638 4112; x_wconf 78' lang='lat' dir='ltr'><strong>rybdim</strong></span> <span class='ocrx_word' id='word_1_309' title='bbox 676 4069 901 4115; x_wconf 81' lang='lat' dir='ltr'><strong>aquam</strong></span> <span class='ocrx_word' id='word_1_310' title='bbox 948 4059 1033 4105; x_wconf 83' lang='lat' dir='ltr'><strong>diu</strong></span> <span class='ocrx_word' id='word_1_311' title='bbox 1061 4061 1122 4107; x_wconf 89' lang='lat' dir='ltr'><strong>ab</strong></span> <span class='ocrx_word' id='word_1_312' title='bbox 1151 4064 1311 4107; x_wconf 89' lang='lat' dir='ltr'><strong>austro</strong></span> <span class='ocrx_word' id='word_1_313' title='bbox 1339 4073 1487 4107; x_wconf 85' lang='lat' dir='ltr'><strong>vaca·</strong></span> 
     </span>
     <span class='ocr_line' id='line_1_54' title="bbox 452 4123 1487 4187; baseline 0.008 -20"><span class='ocrx_word' id='word_1_314' title='bbox 452 4124 594 4169; x_wconf 84' lang='lat' dir='ltr'><strong>tam.</strong></span> <span class='ocrx_word' id='word_1_315' title='bbox 645 4125 696 4170; x_wconf 89' lang='lat' dir='ltr'><strong>at</strong></span> <span class='ocrx_word' id='word_1_316' title='bbox 744 4123 788 4169; x_wconf 85' lang='lat' dir='ltr'><strong>si</strong></span> <span class='ocrx_word' id='word_1_317' title='bbox 830 4125 960 4183; x_wconf 76' lang='lat' dir='ltr'><strong>quis</strong></span> <span class='ocrx_word' id='word_1_318' title='bbox 993 4126 1102 4174; x_wconf 84' lang='lat' dir='ltr'><strong>inde</strong></span> <span class='ocrx_word' id='word_1_319' title='bbox 1133 4131 1357 4174; x_wconf 89' lang='lat' dir='ltr'><strong>ventus</strong></span> <span class='ocrx_word' id='word_1_320' title='bbox 1390 4128 1487 4187; x_wconf 85' lang='lat' dir='ltr'><strong>spi-</strong></span> 
     </span>
     <span class='ocr_line' id='line_1_55' title="bbox 448 4188 1486 4250; baseline 0.006 -15"><span class='ocrx_word' id='word_1_321' title='bbox 448 4188 575 4236; x_wconf 84' lang='lat' dir='ltr'><strong>ravit</strong></span> <span class='ocrx_word' id='word_1_322' title='bbox 621 4188 754 4236; x_wconf 74' lang='lat' dir='ltr'><strong>biatu</strong></span> <span class='ocrx_word' id='word_1_323' title='bbox 799 4201 987 4250; x_wconf 80' lang='lat' dir='ltr'><strong>magno.</strong></span> <span class='ocrx_word' id='word_1_324' title='bbox 1070 4192 1118 4240; x_wconf 95' lang='lat' dir='ltr'>D</span> <span class='ocrx_word' id='word_1_325' title='bbox 1157 4212 1228 4236; x_wconf 89' lang='grc' dir='ltr'><strong>Ξ</strong></span> <span class='ocrx_word' id='word_1_326' title='bbox 1267 4195 1486 4241; x_wconf 88' lang='lat' dir='ltr'><strong>verticem</strong></span> 
     </span>
    </p>
   </div>
   <div class='ocr_carea' id='block_1_11' title="bbox 1563 1189 2656 2451">
    <p class='ocr_par' dir='ltr' id='par_1_16' title="bbox 1563 1189 2656 2451">
     <span class='ocr_line' id='line_1_56' title="bbox 1567 1189 2656 1250; baseline 0.002 -13"><span class='ocrx_word' id='word_1_327' title='bbox 1567 1189 1750 1249; x_wconf 87' lang='lat' dir='ltr'><strong>carip</strong></span> <span class='ocrx_word' id='word_1_328' title='bbox 1767 1189 1866 1238; x_wconf 89' lang='lat' dir='ltr'><strong>dis</strong></span> <span class='ocrx_word' id='word_1_329' title='bbox 1914 1201 2149 1250; x_wconf 81' lang='lat' dir='ltr'><strong>aquam</strong></span> <span class='ocrx_word' id='word_1_330' title='bbox 2198 1189 2284 1237; x_wconf 88' lang='lat' dir='ltr'><strong>diu</strong></span> <span class='ocrx_word' id='word_1_331' title='bbox 2331 1189 2392 1236; x_wconf 91' lang='lat' dir='ltr'><strong>ab</strong></span> <span class='ocrx_word' id='word_1_332' title='bbox 2451 1192 2656 1239; x_wconf 82' lang='lat' dir='ltr'><strong>austro</strong></span> 
     </span>
     <span class='ocr_line' id='line_1_57' title="bbox 1566 1255 2656 1318; baseline 0.002 -15"><span class='ocrx_word' id='word_1_333' title='bbox 1566 1260 1939 1303; x_wconf 86' lang='lat' dir='ltr'><strong>vocaturum</strong></span> <span class='ocrx_word' id='word_1_334' title='bbox 1977 1256 2067 1318; x_wconf 86' lang='lat' dir='ltr'><strong>[cr.</strong></span> <span class='ocrx_word' id='word_1_335' title='bbox 2099 1255 2453 1318; x_wconf 81' lang='lat' dir='ltr'><strong>vacaturam]</strong></span> <span class='ocrx_word' id='word_1_336' title='bbox 2494 1261 2555 1303; x_wconf 83' lang='lat' dir='ltr'><strong>at</strong></span> <span class='ocrx_word' id='word_1_337' title='bbox 2591 1260 2656 1306; x_wconf 81' lang='lat' dir='ltr'><strong>si</strong></span> 
     </span>
     <span class='ocr_line' id='line_1_58' title="bbox 1567 1321 2647 1388; baseline 0.002 -18"><span class='ocrx_word' id='word_1_338' title='bbox 1567 1324 1699 1383; x_wconf 80' lang='lat' dir='ltr'><strong>quis</strong></span> <span class='ocrx_word' id='word_1_339' title='bbox 1729 1322 1822 1386; x_wconf 88' lang='lat' dir='ltr'><strong>[cr.</strong></span> <span class='ocrx_word' id='word_1_340' title='bbox 1844 1321 1981 1388; x_wconf 78' lang='lat' dir='ltr'><strong>quid]</strong></span> <span class='ocrx_word' id='word_1_341' title='bbox 2015 1323 2124 1372; x_wconf 75' lang='lat' dir='ltr'><strong>inde</strong></span> <span class='ocrx_word' id='word_1_342' title='bbox 2152 1324 2466 1371; x_wconf 72' lang='lat' dir='ltr'><strong>vehementius</strong></span> <span class='ocrx_word' id='word_1_343' title='bbox 2519 1326 2647 1383; x_wconf 71' lang='lat' dir='ltr'><strong>spi·-</strong></span> 
     </span>
     <span class='ocr_line' id='line_1_59' title="bbox 1566 1391 2645 1452; baseline 0.002 -15"><span class='ocrx_word' id='word_1_344' title='bbox 1566 1391 1693 1437; x_wconf 85' lang='lat' dir='ltr'><strong>ravit</strong></span> <span class='ocrx_word' id='word_1_345' title='bbox 1715 1403 1887 1450; x_wconf 87' lang='lat' dir='ltr'><strong>magno</strong></span> <span class='ocrx_word' id='word_1_346' title='bbox 1908 1391 2054 1437; x_wconf 80' lang='lat' dir='ltr'><strong>hiatu.</strong></span> <span class='ocrx_word' id='word_1_347' title='bbox 2089 1404 2123 1452; x_wconf 87' lang='lat' dir='ltr'><strong>g</strong></span> <span class='ocrx_word' id='word_1_348' title='bbox 2137 1412 2206 1431; x_wconf 90' lang='lat'><strong><em>=</em></strong></span> <span class='ocrx_word' id='word_1_349' title='bbox 2223 1392 2440 1437; x_wconf 86' lang='lat' dir='ltr'><strong>verticem</strong></span> <span class='ocrx_word' id='word_1_350' title='bbox 2473 1404 2502 1437; x_wconf 90' lang='lat' dir='ltr'><strong>c</strong></span> <span class='ocrx_word' id='word_1_351' title='bbox 2523 1405 2553 1437; x_wconf 94' lang='lat' dir='ltr'><strong>o</strong></span> <span class='ocrx_word' id='word_1_352' title='bbox 2569 1406 2645 1439; x_wconf 81' lang='lat' dir='ltr'><strong>n·-</strong></span> 
     </span>
     <span class='ocr_line' id='line_1_60' title="bbox 1566 1457 2643 1518; baseline 0.003 -15"><span class='ocrx_word' id='word_1_353' title='bbox 1566 1457 1788 1517; x_wconf 84' lang='lat' dir='ltr'><strong>stringere</strong></span> <span class='ocrx_word' id='word_1_354' title='bbox 1817 1460 2015 1504; x_wconf 85' lang='lat' dir='ltr'><strong>stratam</strong></span> <span class='ocrx_word' id='word_1_355' title='bbox 2040 1458 2178 1505; x_wconf 89' lang='lat' dir='ltr'><strong>illam</strong></span> <span class='ocrx_word' id='word_1_356' title='bbox 2206 1457 2478 1518; x_wconf 87' lang='lat' dir='ltr'><strong>fabulosam</strong></span> <span class='ocrx_word' id='word_1_357' title='bbox 2510 1458 2554 1505; x_wconf 89' lang='lat' dir='ltr'><strong>C</strong></span> <span class='ocrx_word' id='word_1_358' title='bbox 2567 1471 2643 1505; x_wconf 81' lang='lat' dir='ltr'><strong>a-</strong></span> 
     </span>
     <span class='ocr_line' id='line_1_61' title="bbox 1565 1524 2641 1584; baseline 0.003 -14"><span class='ocrx_word' id='word_1_359' title='bbox 1565 1524 1778 1571; x_wconf 87' lang='lat' dir='ltr'><strong>ribdim</strong></span> <span class='ocrx_word' id='word_1_360' title='bbox 1820 1534 2045 1584; x_wconf 82' lang='lat' dir='ltr'><strong>aquam</strong></span> <span class='ocrx_word' id='word_1_361' title='bbox 2077 1526 2163 1571; x_wconf 86' lang='lat' dir='ltr'><strong>diu</strong></span> <span class='ocrx_word' id='word_1_362' title='bbox 2206 1526 2268 1571; x_wconf 87' lang='lat' dir='ltr'><strong>ab</strong></span> <span class='ocrx_word' id='word_1_363' title='bbox 2297 1526 2469 1572; x_wconf 78' lang='lat' dir='ltr'><strong>Austro</strong></span> <span class='ocrx_word' id='word_1_364' title='bbox 2502 1537 2539 1571; x_wconf 90' lang='lat' dir='ltr'><strong>v</strong></span> <span class='ocrx_word' id='word_1_365' title='bbox 2556 1538 2588 1573; x_wconf 92' lang='lat' dir='ltr'><strong>o</strong></span> <span class='ocrx_word' id='word_1_366' title='bbox 2609 1552 2641 1562; x_wconf 91' lang='lat'>-</span> 
     </span>
     <span class='ocr_line' id='line_1_62' title="bbox 1568 1592 2640 1651; baseline 0.003 -14"><span class='ocrx_word' id='word_1_367' title='bbox 1568 1593 1791 1638; x_wconf 90' lang='lat' dir='ltr'><strong>catam.</strong></span> <span class='ocrx_word' id='word_1_368' title='bbox 1855 1595 1903 1638; x_wconf 89' lang='lat' dir='ltr'><strong>at</strong></span> <span class='ocrx_word' id='word_1_369' title='bbox 1948 1593 1989 1637; x_wconf 89' lang='lat' dir='ltr'><strong>si</strong></span> <span class='ocrx_word' id='word_1_370' title='bbox 2021 1593 2171 1651; x_wconf 53' lang='lat' dir='ltr'><strong>‘quis</strong></span> <span class='ocrx_word' id='word_1_371' title='bbox 2219 1593 2451 1638; x_wconf 90' lang='lat' dir='ltr'><strong>ventus</strong></span> <span class='ocrx_word' id='word_1_372' title='bbox 2504 1592 2640 1640; x_wconf 82' lang='lat' dir='ltr'><strong>inde</strong></span> 
     </span>
     <span class='ocr_line' id='line_1_63' title="bbox 1564 1655 2633 1717; baseline 0.003 -14"><span class='ocrx_word' id='word_1_373' title='bbox 1564 1656 1877 1704; x_wconf 82' lang='lat' dir='ltr'><strong>vehementius</strong></span> <span class='ocrx_word' id='word_1_374' title='bbox 1902 1655 2103 1717; x_wconf 84' lang='lat' dir='ltr'><strong>spiravit</strong></span> <span class='ocrx_word' id='word_1_375' title='bbox 2130 1670 2304 1717; x_wconf 91' lang='lat' dir='ltr'><strong>magno</strong></span> <span class='ocrx_word' id='word_1_376' title='bbox 2334 1657 2486 1705; x_wconf 82' lang='lat' dir='ltr'><strong>hiatu.</strong></span> <span class='ocrx_word' id='word_1_377' title='bbox 2526 1656 2633 1706; x_wconf 80' lang='lat' dir='ltr'><strong>P2.</strong></span> 
     </span>
     <span class='ocr_line' id='line_1_64' title="bbox 1567 1725 2636 1784; baseline 0.004 -13"><span class='ocrx_word' id='word_1_378' title='bbox 1567 1743 1637 1764; x_wconf 93' lang='grc' dir='ltr'><strong>Ξ</strong></span> <span class='ocrx_word' id='word_1_379' title='bbox 1665 1725 1883 1772; x_wconf 87' lang='lat' dir='ltr'><strong>verticem</strong></span> <span class='ocrx_word' id='word_1_380' title='bbox 1919 1725 2192 1784; x_wconf 86' lang='lat' dir='ltr'><strong>restringere</strong></span> <span class='ocrx_word' id='word_1_381' title='bbox 2229 1727 2429 1773; x_wconf 84' lang='lat' dir='ltr'><strong>stratam</strong></span> <span class='ocrx_word' id='word_1_382' title='bbox 2471 1726 2636 1775; x_wconf 78' lang='lat' dir='ltr'><strong>illam</strong></span> 
     </span>
     <span class='ocr_line' id='line_1_65' title="bbox 1567 1791 2633 1858; baseline 0.003 -22"><span class='ocrx_word' id='word_1_383' title='bbox 1567 1791 1833 1851; x_wconf 89' lang='lat' dir='ltr'><strong>fabulosam</strong></span> <span class='ocrx_word' id='word_1_384' title='bbox 1882 1791 1961 1838; x_wconf 91' lang='lat' dir='ltr'><strong>Ca</strong></span> <span class='ocrx_word' id='word_1_385' title='bbox 1974 1804 2001 1838; x_wconf 96' lang='lat' dir='ltr'><strong>r</strong></span> <span class='ocrx_word' id='word_1_386' title='bbox 2014 1793 2030 1837; x_wconf 94' lang='lat' dir='ltr'><strong>i</strong></span> <span class='ocrx_word' id='word_1_387' title='bbox 2044 1792 2070 1838; x_wconf 89' lang='lat' dir='ltr'><strong>b</strong></span> <span class='ocrx_word' id='word_1_388' title='bbox 2084 1792 2185 1838; x_wconf 88' lang='lat' dir='ltr'><strong>dim</strong></span> <span class='ocrx_word' id='word_1_389' title='bbox 2242 1804 2313 1851; x_wconf 82' lang='lat' dir='ltr'><strong>aq</strong></span> <span class='ocrx_word' id='word_1_390' title='bbox 2330 1805 2361 1838; x_wconf 93' lang='lat' dir='ltr'><strong>u</strong></span> <span class='ocrx_word' id='word_1_391' title='bbox 2376 1804 2409 1837; x_wconf 90' lang='lat' dir='ltr'><strong>a</strong></span> <span class='ocrx_word' id='word_1_392' title='bbox 2424 1804 2475 1838; x_wconf 91' lang='lat' dir='ltr'><strong>m</strong></span> <span class='ocrx_word' id='word_1_393' title='bbox 2528 1793 2633 1858; x_wconf 64' lang='lat' dir='ltr'><strong>dite</strong></span> 
     </span>
     <span class='ocr_line' id='line_1_66' title="bbox 1568 1858 2630 1917; baseline 0.003 -13"><span class='ocrx_word' id='word_1_394' title='bbox 1568 1858 1813 1905; x_wconf 78' lang='lat' dir='ltr'><strong>abAustro</strong></span> <span class='ocrx_word' id='word_1_395' title='bbox 1843 1861 2136 1904; x_wconf 86' lang='lat' dir='ltr'><strong>vocatam</strong></span> <span class='ocrx_word' id='word_1_396' title='bbox 2161 1862 2211 1905; x_wconf 91' lang='lat' dir='ltr'><strong>at</strong></span> <span class='ocrx_word' id='word_1_397' title='bbox 2236 1859 2279 1906; x_wconf 88' lang='lat' dir='ltr'><strong>si</strong></span> <span class='ocrx_word' id='word_1_398' title='bbox 2305 1859 2447 1917; x_wconf 81' lang='lat' dir='ltr'><strong>quis</strong></span> <span class='ocrx_word' id='word_1_399' title='bbox 2471 1870 2630 1907; x_wconf 81' lang='lat' dir='ltr'><strong>ven·</strong></span> 
     </span>
     <span class='ocr_line' id='line_1_67' title="bbox 1565 1925 2628 1987; baseline 0.003 -16"><span class='ocrx_word' id='word_1_400' title='bbox 1565 1928 1627 1971; x_wconf 89' lang='lat' dir='ltr'><strong>tu</strong></span> <span class='ocrx_word' id='word_1_401' title='bbox 1642 1936 1666 1971; x_wconf 90' lang='lat' dir='ltr'><strong>s</strong></span> <span class='ocrx_word' id='word_1_402' title='bbox 1698 1925 1808 1972; x_wconf 83' lang='lat' dir='ltr'><strong>inde</strong></span> <span class='ocrx_word' id='word_1_403' title='bbox 1840 1925 2152 1981; x_wconf 80' lang='lat' dir='ltr'><strong>vehementius</strong></span> <span class='ocrx_word' id='word_1_404' title='bbox 2190 1926 2390 1985; x_wconf 82' lang='lat' dir='ltr'><strong>spiravit</strong></span> <span class='ocrx_word' id='word_1_405' title='bbox 2431 1938 2628 1987; x_wconf 86' lang='lat' dir='ltr'><strong>magno</strong></span> 
     </span>
     <span class='ocr_line' id='line_1_68' title="bbox 1567 1987 2624 2052; baseline 0.003 -14"><span class='ocrx_word' id='word_1_406' title='bbox 1567 1991 1713 2039; x_wconf 82' lang='lat' dir='ltr'><strong>hiatu.</strong></span> <span class='ocrx_word' id='word_1_407' title='bbox 1750 1987 1841 2038; x_wconf 79' lang='lat'><strong>1²3.</strong></span> <span class='ocrx_word' id='word_1_408' title='bbox 1858 2011 1926 2031; x_wconf 91' lang='lat'>=</span> <span class='ocrx_word' id='word_1_409' title='bbox 1941 1993 2157 2039; x_wconf 86' lang='lat' dir='ltr'><strong>verticem</strong></span> <span class='ocrx_word' id='word_1_410' title='bbox 2180 1993 2451 2052; x_wconf 85' lang='lat' dir='ltr'><strong>restringere</strong></span> <span class='ocrx_word' id='word_1_411' title='bbox 2484 1998 2624 2042; x_wconf 87' lang='lat' dir='ltr'><strong>stra-</strong></span> 
     </span>
     <span class='ocr_line' id='line_1_69' title="bbox 1566 2057 2572 2118; baseline 0.001 -13"><span class='ocrx_word' id='word_1_412' title='bbox 1566 2061 1666 2106; x_wconf 86' lang='lat' dir='ltr'><strong>tam</strong></span> <span class='ocrx_word' id='word_1_413' title='bbox 1709 2057 1844 2104; x_wconf 89' lang='lat' dir='ltr'><strong>illam</strong></span> <span class='ocrx_word' id='word_1_414' title='bbox 1897 2058 2164 2118; x_wconf 87' lang='lat' dir='ltr'><strong>fabulosam</strong></span> <span class='ocrx_word' id='word_1_415' title='bbox 2215 2059 2256 2106; x_wconf 93' lang='lat' dir='ltr'><strong>C</strong></span> <span class='ocrx_word' id='word_1_416' title='bbox 2264 2072 2296 2105; x_wconf 91' lang='lat' dir='ltr'><strong>a</strong></span> <span class='ocrx_word' id='word_1_417' title='bbox 2311 2073 2337 2106; x_wconf 91' lang='lat' dir='ltr'><strong>r</strong></span> <span class='ocrx_word' id='word_1_418' title='bbox 2350 2061 2370 2105; x_wconf 93' lang='lat' dir='ltr'><strong>i</strong></span> <span class='ocrx_word' id='word_1_419' title='bbox 2382 2060 2410 2105; x_wconf 97' lang='lat' dir='ltr'><strong>b</strong></span> <span class='ocrx_word' id='word_1_420' title='bbox 2420 2060 2484 2106; x_wconf 81' lang='lat' dir='ltr'><strong>di</strong></span> <span class='ocrx_word' id='word_1_421' title='bbox 2537 2073 2572 2107; x_wconf 89' lang='lat' dir='ltr'><strong>a</strong></span> 
     </span>
     <span class='ocr_line' id='line_1_70' title="bbox 1564 2126 2619 2185; baseline 0.005 -13"><span class='ocrx_word' id='word_1_422' title='bbox 1564 2137 1752 2185; x_wconf 80' lang='lat' dir='ltr'><strong>quam</strong></span> <span class='ocrx_word' id='word_1_423' title='bbox 1782 2126 1881 2173; x_wconf 91' lang='lat' dir='ltr'><strong>diu.</strong></span> <span class='ocrx_word' id='word_1_424' title='bbox 1946 2126 2006 2172; x_wconf 91' lang='lat' dir='ltr'><strong>ab</strong></span> <span class='ocrx_word' id='word_1_425' title='bbox 2029 2129 2189 2174; x_wconf 85' lang='lat' dir='ltr'><strong>austro</strong></span> <span class='ocrx_word' id='word_1_426' title='bbox 2218 2130 2520 2174; x_wconf 88' lang='lat' dir='ltr'><strong>vocatam</strong></span> <span class='ocrx_word' id='word_1_427' title='bbox 2555 2134 2619 2178; x_wconf 82' lang='lat' dir='ltr'><strong>at</strong></span> 
     </span>
     <span class='ocr_line' id='line_1_71' title="bbox 1565 2192 2619 2252; baseline 0.003 -14"><span class='ocrx_word' id='word_1_428' title='bbox 1565 2194 1605 2238; x_wconf 87' lang='lat' dir='ltr'><strong>si</strong></span> <span class='ocrx_word' id='word_1_429' title='bbox 1640 2192 1755 2250; x_wconf 80' lang='lat' dir='ltr'><strong>quid</strong></span> <span class='ocrx_word' id='word_1_430' title='bbox 1796 2192 1903 2239; x_wconf 90' lang='lat' dir='ltr'><strong>inde</strong></span> <span class='ocrx_word' id='word_1_431' title='bbox 1931 2193 2240 2240; x_wconf 78' lang='lat' dir='ltr'><strong>vehementius</strong></span> <span class='ocrx_word' id='word_1_432' title='bbox 2267 2194 2466 2252; x_wconf 85' lang='lat' dir='ltr'><strong>spiravit</strong></span> <span class='ocrx_word' id='word_1_433' title='bbox 2498 2208 2619 2242; x_wconf 72' lang='lat' dir='ltr'><strong>nia-</strong></span> 
     </span>
     <span class='ocr_line' id='line_1_72' title="bbox 1563 2254 2623 2321; baseline 0.006 -17"><span class='ocrx_word' id='word_1_434' title='bbox 1563 2271 1656 2317; x_wconf 91' lang='lat' dir='ltr'><strong>gno</strong></span> <span class='ocrx_word' id='word_1_435' title='bbox 1683 2260 1831 2306; x_wconf 77' lang='lat' dir='ltr'><strong>hiatu.</strong></span> <span class='ocrx_word' id='word_1_436' title='bbox 1901 2254 1989 2306; x_wconf 75' lang='lat'><strong>1²4.</strong></span> <span class='ocrx_word' id='word_1_437' title='bbox 2005 2279 2071 2299; x_wconf 91' lang='lat'>=</span> <span class='ocrx_word' id='word_1_438' title='bbox 2089 2261 2306 2307; x_wconf 86' lang='lat' dir='ltr'><strong>verticem</strong></span> <span class='ocrx_word' id='word_1_439' title='bbox 2332 2261 2623 2321; x_wconf 67' lang='lat' dir='ltr'><strong>restringere</strong></span> 
     </span>
     <span class='ocr_line' id='line_1_73' title="bbox 1564 2326 2620 2386; baseline 0.005 -15"><span class='ocrx_word' id='word_1_440' title='bbox 1564 2327 1763 2372; x_wconf 76' lang='lat' dir='ltr'><strong>stratam</strong></span> <span class='ocrx_word' id='word_1_441' title='bbox 1806 2327 1943 2373; x_wconf 87' lang='lat' dir='ltr'><strong>illam</strong></span> <span class='ocrx_word' id='word_1_442' title='bbox 1989 2326 2256 2386; x_wconf 82' lang='lat' dir='ltr'><strong>fabulosam</strong></span> <span class='ocrx_word' id='word_1_443' title='bbox 2272 2361 2287 2386; x_wconf 92' lang='lat'><strong>,</strong></span> <span class='ocrx_word' id='word_1_444' title='bbox 2350 2340 2419 2374; x_wconf 88' lang='lat' dir='ltr'><strong>ar</strong></span> <span class='ocrx_word' id='word_1_445' title='bbox 2432 2328 2449 2374; x_wconf 91' lang='lat' dir='ltr'><strong>i</strong></span> <span class='ocrx_word' id='word_1_446' title='bbox 2458 2340 2494 2386; x_wconf 87' lang='lat' dir='ltr'><strong>p</strong></span> <span class='ocrx_word' id='word_1_447' title='bbox 2507 2329 2526 2374; x_wconf 90' lang='lat' dir='ltr'><strong>i</strong></span> <span class='ocrx_word' id='word_1_448' title='bbox 2540 2330 2575 2376; x_wconf 90' lang='lat' dir='ltr'><strong>d</strong></span> <span class='ocrx_word' id='word_1_449' title='bbox 2595 2333 2620 2377; x_wconf 82' lang='lat' dir='ltr'><strong>i</strong></span> 
     </span>
     <span class='ocr_line' id='line_1_74' title="bbox 1566 2393 2610 2451; baseline 0.004 -13"><span class='ocrx_word' id='word_1_450' title='bbox 1566 2403 1827 2451; x_wconf 78' lang='lat' dir='ltr'><strong>aquam,</strong></span> <span class='ocrx_word' id='word_1_451' title='bbox 1873 2393 1959 2440; x_wconf 87' lang='lat' dir='ltr'><strong>diu</strong></span> <span class='ocrx_word' id='word_1_452' title='bbox 1987 2395 2047 2440; x_wconf 91' lang='lat' dir='ltr'><strong>ab</strong></span> <span class='ocrx_word' id='word_1_453' title='bbox 2088 2397 2249 2441; x_wconf 85' lang='lat' dir='ltr'><strong>austro</strong></span> <span class='ocrx_word' id='word_1_454' title='bbox 2287 2398 2610 2443; x_wconf 86' lang='lat' dir='ltr'><strong>vocatam.</strong></span> 
     </span>
    </p>
   </div>
   <div class='ocr_carea' id='block_1_12' title="bbox 1564 2459 2736 2521">
    <p class='ocr_par' dir='ltr' id='par_1_17' title="bbox 1564 2459 2736 2521">
     <span class='ocr_line' id='line_1_75' title="bbox 1564 2459 2736 2521; baseline 0.005 -17"><span class='ocrx_word' id='word_1_455' title='bbox 1564 2461 1615 2504; x_wconf 89' lang='lat' dir='ltr'><strong>at</strong></span> <span class='ocrx_word' id='word_1_456' title='bbox 1661 2459 1704 2505; x_wconf 90' lang='lat' dir='ltr'><strong>si</strong></span> <span class='ocrx_word' id='word_1_457' title='bbox 1744 2460 1859 2518; x_wconf 82' lang='lat' dir='ltr'><strong>quid</strong></span> <span class='ocrx_word' id='word_1_458' title='bbox 1902 2461 2009 2507; x_wconf 88' lang='lat' dir='ltr'><strong>inde</strong></span> <span class='ocrx_word' id='word_1_459' title='bbox 2052 2461 2363 2508; x_wconf 82' lang='lat' dir='ltr'><strong>vehementius</strong></span> <span class='ocrx_word' id='word_1_460' title='bbox 2405 2460 2622 2521; x_wconf 71' lang='lat' dir='ltr'><strong>spiravit</strong></span> <span class='ocrx_word' id='word_1_461' title='bbox 2717 2459 2736 2468; x_wconf 82' lang='lat'><em>&#39;</em></span> 
     </span>
    </p>
   </div>
   <div class='ocr_carea' id='block_1_13' title="bbox 1551 2524 2615 4260">
    <p class='ocr_par' dir='ltr' id='par_1_18' title="bbox 1556 2524 2615 3659">
     <span class='ocr_line' id='line_1_76' title="bbox 1562 2524 2613 2584; baseline 0.005 -13"><span class='ocrx_word' id='word_1_462' title='bbox 1562 2537 1737 2584; x_wconf 87' lang='lat' dir='ltr'><strong>magno</strong></span> <span class='ocrx_word' id='word_1_463' title='bbox 1768 2527 1915 2574; x_wconf 80' lang='lat' dir='ltr'><strong>hiatu.</strong></span> <span class='ocrx_word' id='word_1_464' title='bbox 1987 2524 2090 2575; x_wconf 92' lang='lat' dir='ltr'><strong>Col.</strong></span> <span class='ocrx_word' id='word_1_465' title='bbox 2121 2545 2191 2568; x_wconf 92' lang='grc' dir='ltr'><strong>Ξ</strong></span> <span class='ocrx_word' id='word_1_466' title='bbox 2223 2530 2437 2575; x_wconf 83' lang='lat' dir='ltr'><strong>verticem</strong></span> <span class='ocrx_word' id='word_1_467' title='bbox 2464 2527 2613 2577; x_wconf 76' lang='lat' dir='ltr'><strong>co&#39;n-</strong></span> 
     </span>
     <span class='ocr_line' id='line_1_77' title="bbox 1560 2593 2615 2655; baseline 0.009 -18"><span class='ocrx_word' id='word_1_468' title='bbox 1560 2604 1587 2638; x_wconf 90' lang='lat' dir='ltr'><strong>r</strong></span> <span class='ocrx_word' id='word_1_469' title='bbox 1600 2593 1845 2652; x_wconf 85' lang='lat' dir='ltr'><strong>estringere</strong></span> <span class='ocrx_word' id='word_1_470' title='bbox 1894 2597 2093 2642; x_wconf 84' lang='lat' dir='ltr'><strong>stratam</strong></span> <span class='ocrx_word' id='word_1_471' title='bbox 2140 2596 2277 2642; x_wconf 87' lang='lat' dir='ltr'><strong>illam</strong></span> <span class='ocrx_word' id='word_1_472' title='bbox 2335 2595 2615 2655; x_wconf 85' lang='lat' dir='ltr'><strong>fabulosam</strong></span> 
     </span>
     <span class='ocr_line' id='line_1_78' title="bbox 1568 2659 2608 2720; baseline 0.007 -16"><span class='ocrx_word' id='word_1_473' title='bbox 1568 2659 1874 2706; x_wconf 87' lang='lat' dir='ltr'><strong>Caribdim</strong></span> <span class='ocrx_word' id='word_1_474' title='bbox 1922 2674 2152 2720; x_wconf 85' lang='lat' dir='ltr'><strong>aquam</strong></span> <span class='ocrx_word' id='word_1_475' title='bbox 2196 2661 2284 2708; x_wconf 86' lang='lat' dir='ltr'><strong>diu</strong></span> <span class='ocrx_word' id='word_1_476' title='bbox 2324 2662 2385 2709; x_wconf 90' lang='lat' dir='ltr'><strong>ab</strong></span> <span class='ocrx_word' id='word_1_477' title='bbox 2427 2664 2608 2712; x_wconf 79' lang='lat' dir='ltr'><strong>Austro</strong></span> 
     </span>
     <span class='ocr_line' id='line_1_79' title="bbox 1562 2729 2611 2787; baseline 0.006 -16"><span class='ocrx_word' id='word_1_478' title='bbox 1562 2730 1875 2773; x_wconf 87' lang='lat' dir='ltr'><strong>vocatam.</strong></span> <span class='ocrx_word' id='word_1_479' title='bbox 1931 2732 1982 2774; x_wconf 86' lang='lat' dir='ltr'><strong>at</strong></span> <span class='ocrx_word' id='word_1_480' title='bbox 2009 2730 2051 2775; x_wconf 91' lang='lat' dir='ltr'><strong>si</strong></span> <span class='ocrx_word' id='word_1_481' title='bbox 2080 2729 2337 2787; x_wconf 79' lang='lat' dir='ltr'><strong>quidinde</strong></span> <span class='ocrx_word' id='word_1_482' title='bbox 2361 2729 2611 2778; x_wconf 78' lang='lat' dir='ltr'><strong>vehemen-</strong></span> 
     </span>
     <span class='ocr_line' id='line_1_80' title="bbox 1560 2793 2603 2855; baseline 0.008 -18"><span class='ocrx_word' id='word_1_483' title='bbox 1560 2793 1653 2839; x_wconf 87' lang='lat' dir='ltr'><strong>tius</strong></span> <span class='ocrx_word' id='word_1_484' title='bbox 1698 2794 1761 2840; x_wconf 93' lang='lat' dir='ltr'><strong>in</strong></span> <span class='ocrx_word' id='word_1_485' title='bbox 1776 2795 1990 2853; x_wconf 85' lang='lat' dir='ltr'><strong>spiravit</strong></span> <span class='ocrx_word' id='word_1_486' title='bbox 2033 2807 2206 2855; x_wconf 85' lang='lat' dir='ltr'><strong>magno</strong></span> <span class='ocrx_word' id='word_1_487' title='bbox 2256 2796 2403 2843; x_wconf 81' lang='lat' dir='ltr'><strong>hiatu.</strong></span> <span class='ocrx_word' id='word_1_488' title='bbox 2470 2794 2603 2846; x_wconf 89' lang='lat' dir='ltr'><strong>Cod.</strong></span> 
     </span>
     <span class='ocr_line' id='line_1_81' title="bbox 1563 2855 2606 2923; baseline 0.008 -20"><span class='ocrx_word' id='word_1_489' title='bbox 1563 2855 1702 2921; x_wconf 82' lang='lat' dir='ltr'><strong>Lips.</strong></span> <span class='ocrx_word' id='word_1_490' title='bbox 1731 2880 1799 2900; x_wconf 93' lang='grc' dir='ltr'><strong>Ξ</strong></span> <span class='ocrx_word' id='word_1_491' title='bbox 1829 2862 2046 2909; x_wconf 86' lang='lat' dir='ltr'><strong>verticem</strong></span> <span class='ocrx_word' id='word_1_492' title='bbox 2082 2864 2359 2923; x_wconf 84' lang='lat' dir='ltr'><strong>restringere</strong></span> <span class='ocrx_word' id='word_1_493' title='bbox 2399 2866 2606 2912; x_wconf 86' lang='lat' dir='ltr'><strong>stratam</strong></span> 
     </span>
     <span class='ocr_line' id='line_1_82' title="bbox 1560 2926 2606 2989; baseline 0.009 -18"><span class='ocrx_word' id='word_1_494' title='bbox 1560 2926 1696 2973; x_wconf 89' lang='lat' dir='ltr'><strong>illam</strong></span> <span class='ocrx_word' id='word_1_495' title='bbox 1722 2927 1985 2987; x_wconf 81' lang='lat' dir='ltr'><strong>fabulosam</strong></span> <span class='ocrx_word' id='word_1_496' title='bbox 2008 2928 2352 2989; x_wconf 88' lang='lat' dir='ltr'><strong>Caripidis</strong></span> <span class='ocrx_word' id='word_1_497' title='bbox 2376 2942 2606 2989; x_wconf 79' lang='lat' dir='ltr'><strong>aquam</strong></span> 
     </span>
     <span class='ocr_line' id='line_1_83' title="bbox 1561 2992 2604 3056; baseline 0.008 -18"><span class='ocrx_word' id='word_1_498' title='bbox 1561 2992 1647 3038; x_wconf 89' lang='lat' dir='ltr'><strong>diu</strong></span> <span class='ocrx_word' id='word_1_499' title='bbox 1681 2995 1743 3040; x_wconf 87' lang='lat' dir='ltr'><strong>ab</strong></span> <span class='ocrx_word' id='word_1_500' title='bbox 1775 2998 1943 3041; x_wconf 83' lang='lat' dir='ltr'><strong>Austro</strong></span> <span class='ocrx_word' id='word_1_501' title='bbox 1964 3000 2375 3056; x_wconf 81' lang='lat' dir='ltr'><strong>vocaturum,</strong></span> <span class='ocrx_word' id='word_1_502' title='bbox 2408 2998 2450 3043; x_wconf 90' lang='lat' dir='ltr'><strong>si</strong></span> <span class='ocrx_word' id='word_1_503' title='bbox 2479 2999 2604 3056; x_wconf 73' lang='lat' dir='ltr'><strong>quid</strong></span> 
     </span>
     <span class='ocr_line' id='line_1_84' title="bbox 1562 3059 2595 3126; baseline 0.006 -21"><span class='ocrx_word' id='word_1_504' title='bbox 1562 3059 1670 3107; x_wconf 85' lang='lat' dir='ltr'><strong>inde</strong></span> <span class='ocrx_word' id='word_1_505' title='bbox 1708 3061 2019 3109; x_wconf 76' lang='lat' dir='ltr'><strong>vehementius</strong></span> <span class='ocrx_word' id='word_1_506' title='bbox 2057 3064 2300 3121; x_wconf 79' lang='lat' dir='ltr'><strong>spiravirt.</strong></span> <span class='ocrx_word' id='word_1_507' title='bbox 2366 3060 2494 3126; x_wconf 80' lang='lat' dir='ltr'><strong>Lips.</strong></span> <span class='ocrx_word' id='word_1_508' title='bbox 2528 3062 2595 3116; x_wconf 80' lang='lat' dir='ltr'><strong>ci.</strong></span> 
     </span>
     <span class='ocr_line' id='line_1_85' title="bbox 1562 3129 2600 3191; baseline 0.004 -17"><span class='ocrx_word' id='word_1_509' title='bbox 1562 3146 1629 3166; x_wconf 76' lang='grc' dir='ltr'><strong>Ξ</strong></span> <span class='ocrx_word' id='word_1_510' title='bbox 1673 3131 1873 3175; x_wconf 86' lang='lat' dir='ltr'><strong>stratam</strong></span> <span class='ocrx_word' id='word_1_511' title='bbox 1914 3129 2049 3175; x_wconf 88' lang='lat' dir='ltr'><strong>illam</strong></span> <span class='ocrx_word' id='word_1_512' title='bbox 2097 3129 2367 3189; x_wconf 86' lang='lat' dir='ltr'><strong>fabulosam</strong></span> <span class='ocrx_word' id='word_1_513' title='bbox 2420 3130 2600 3191; x_wconf 63' lang='lat' dir='ltr'><strong>Cham-</strong></span> 
     </span>
     <span class='ocr_line' id='line_1_86' title="bbox 1561 3194 2599 3258; baseline 0.006 -18"><span class='ocrx_word' id='word_1_514' title='bbox 1561 3194 1730 3253; x_wconf 88' lang='lat' dir='ltr'><strong>bdin,</strong></span> <span class='ocrx_word' id='word_1_515' title='bbox 1763 3196 1995 3254; x_wconf 81' lang='lat' dir='ltr'><strong>quamdiu</strong></span> <span class='ocrx_word' id='word_1_516' title='bbox 2021 3196 2081 3242; x_wconf 90' lang='lat' dir='ltr'><strong>ab</strong></span> <span class='ocrx_word' id='word_1_517' title='bbox 2104 3198 2273 3244; x_wconf 84' lang='lat' dir='ltr'><strong>Austro</strong></span> <span class='ocrx_word' id='word_1_518' title='bbox 2303 3200 2442 3245; x_wconf 86' lang='lat' dir='ltr'><strong>vacat</strong></span> <span class='ocrx_word' id='word_1_519' title='bbox 2453 3211 2471 3258; x_wconf 81' lang='lat'><strong>,-</strong></span> <span class='ocrx_word' id='word_1_520' title='bbox 2502 3209 2599 3246; x_wconf 79' lang='lat' dir='ltr'><strong>ve-</strong></span> 
     </span>
     <span class='ocr_line' id='line_1_87' title="bbox 1558 3262 2600 3323; baseline 0.007 -17"><span class='ocrx_word' id='word_1_521' title='bbox 1558 3272 1692 3307; x_wconf 90' lang='lat' dir='ltr'><strong>rum</strong></span> <span class='ocrx_word' id='word_1_522' title='bbox 1728 3263 1771 3308; x_wconf 92' lang='lat' dir='ltr'><strong>si</strong></span> <span class='ocrx_word' id='word_1_523' title='bbox 1804 3262 1918 3320; x_wconf 84' lang='lat' dir='ltr'><strong>quid</strong></span> <span class='ocrx_word' id='word_1_524' title='bbox 1948 3262 2058 3308; x_wconf 90' lang='lat' dir='ltr'><strong>inde</strong></span> <span class='ocrx_word' id='word_1_525' title='bbox 2087 3264 2399 3311; x_wconf 79' lang='lat' dir='ltr'><strong>vehementius</strong></span> <span class='ocrx_word' id='word_1_526' title='bbox 2439 3266 2600 3323; x_wconf 80' lang='lat' dir='ltr'><strong>spira-</strong></span> 
     </span>
     <span class='ocr_line' id='line_1_88' title="bbox 1559 3325 2596 3391; baseline 0.007 -19"><span class='ocrx_word' id='word_1_527' title='bbox 1559 3327 1641 3376; x_wconf 88' lang='lat' dir='ltr'><strong>vit.</strong></span> <span class='ocrx_word' id='word_1_528' title='bbox 1710 3325 1847 3373; x_wconf 88' lang='lat' dir='ltr'><strong>Piuc.</strong></span> <span class='ocrx_word' id='word_1_529' title='bbox 1884 3325 2043 3374; x_wconf 86' lang='lat' dir='ltr'><strong>voluit</strong></span> <span class='ocrx_word' id='word_1_530' title='bbox 2070 3332 2426 3391; x_wconf 66' lang='lat' dir='ltr'><strong>perstringere.</strong></span> <span class='ocrx_word' id='word_1_531' title='bbox 2492 3333 2596 3384; x_wconf 60' lang='lat'>23:23</span> 
     </span>
     <span class='ocr_line' id='line_1_89' title="bbox 1559 3394 2598 3456; baseline 0.011 -20"><span class='ocrx_word' id='word_1_532' title='bbox 1559 3411 1629 3434; x_wconf 89' lang='grc' dir='ltr'><strong>Ξ</strong></span> <span class='ocrx_word' id='word_1_533' title='bbox 1653 3394 1789 3440; x_wconf 84' lang='lat' dir='ltr'><strong>mari</strong></span> <span class='ocrx_word' id='word_1_534' title='bbox 1820 3396 2035 3442; x_wconf 84' lang='lat' dir='ltr'><strong>verticem</strong></span> <span class='ocrx_word' id='word_1_535' title='bbox 2061 3397 2337 3456; x_wconf 84' lang='lat' dir='ltr'><strong>restringere</strong></span> <span class='ocrx_word' id='word_1_536' title='bbox 2352 3411 2369 3444; x_wconf 90' lang='lat'><strong>.·</strong></span> <span class='ocrx_word' id='word_1_537' title='bbox 2400 3401 2598 3448; x_wconf 85' lang='lat' dir='ltr'><strong>stratam</strong></span> 
     </span>
     <span class='ocr_line' id='line_1_90' title="bbox 1556 3459 2596 3524; baseline 0.009 -20"><span class='ocrx_word' id='word_1_538' title='bbox 1556 3461 1693 3505; x_wconf 88' lang='lat' dir='ltr'><strong>illam</strong></span> <span class='ocrx_word' id='word_1_539' title='bbox 1719 3459 1984 3519; x_wconf 81' lang='lat' dir='ltr'><strong>fabulosam</strong></span> <span class='ocrx_word' id='word_1_540' title='bbox 2014 3463 2333 3521; x_wconf 73' lang='lat' dir='ltr'><strong>Charybdim:</strong></span> <span class='ocrx_word' id='word_1_541' title='bbox 2368 3477 2596 3524; x_wconf 73' lang='lat' dir='ltr'><strong>aquam</strong></span> 
     </span>
     <span class='ocr_line' id='line_1_91' title="bbox 1559 3526 2598 3590; baseline 0.009 -19"><span class='ocrx_word' id='word_1_542' title='bbox 1559 3526 1644 3572; x_wconf 89' lang='lat' dir='ltr'><strong>diu</strong></span> <span class='ocrx_word' id='word_1_543' title='bbox 1669 3527 1730 3571; x_wconf 86' lang='lat' dir='ltr'><strong>ab</strong></span> <span class='ocrx_word' id='word_1_544' title='bbox 1763 3530 1923 3574; x_wconf 83' lang='lat' dir='ltr'><strong>austro</strong></span> <span class='ocrx_word' id='word_1_545' title='bbox 1948 3534 2258 3577; x_wconf 86' lang='lat' dir='ltr'><strong>vocatam.</strong></span> <span class='ocrx_word' id='word_1_546' title='bbox 2295 3532 2355 3578; x_wconf 82' lang='lat' dir='ltr'><strong>At</strong></span> <span class='ocrx_word' id='word_1_547' title='bbox 2387 3533 2427 3578; x_wconf 90' lang='lat' dir='ltr'><strong>si</strong></span> <span class='ocrx_word' id='word_1_548' title='bbox 2451 3534 2598 3590; x_wconf 81' lang='lat' dir='ltr'><strong>quis</strong></span> 
     </span>
     <span class='ocr_line' id='line_1_92' title="bbox 1556 3593 2597 3659; baseline 0.009 -21"><span class='ocrx_word' id='word_1_549' title='bbox 1556 3593 1665 3639; x_wconf 87' lang='lat' dir='ltr'><strong>inde</strong></span> <span class='ocrx_word' id='word_1_550' title='bbox 1691 3594 2000 3641; x_wconf 80' lang='lat' dir='ltr'><strong>vehementius</strong></span> <span class='ocrx_word' id='word_1_551' title='bbox 2027 3597 2228 3654; x_wconf 88' lang='lat' dir='ltr'><strong>spiravit</strong></span> <span class='ocrx_word' id='word_1_552' title='bbox 2256 3598 2391 3645; x_wconf 75' lang='lat' dir='ltr'><strong>hiatu</strong></span> <span class='ocrx_word' id='word_1_553' title='bbox 2411 3603 2597 3659; x_wconf 80' lang='lat' dir='ltr'><strong>mag&#39;no.</strong></span> 
     </span>
    </p>

    <p class='ocr_par' dir='ltr' id='par_1_19' title="bbox 1560 3657 2591 3725">
     <span class='ocr_line' id='line_1_93' title="bbox 1560 3657 2591 3725; baseline 0.009 -21"><span class='ocrx_word' id='word_1_554' title='bbox 1560 3657 1738 3709; x_wconf 69' lang='grc' dir='ltr'><strong>(ξΙΞ</strong></span> <span class='ocrx_word' id='word_1_555' title='bbox 1670 3662 1905 3707; x_wconf 87' lang='lat' dir='ltr'><strong>—maris</strong></span> <span class='ocrx_word' id='word_1_556' title='bbox 1921 3664 2138 3709; x_wconf 88' lang='lat' dir='ltr'><strong>verticem</strong></span> <span class='ocrx_word' id='word_1_557' title='bbox 2164 3666 2453 3725; x_wconf 85' lang='lat' dir='ltr'><strong>restringere,</strong></span> <span class='ocrx_word' id='word_1_558' title='bbox 2468 3670 2591 3713; x_wconf 89' lang='lat' dir='ltr'><strong>stra-</strong></span> 
     </span>
    </p>

    <p class='ocr_par' dir='ltr' id='par_1_20' title="bbox 1556 3727 2590 3920">
     <span class='ocr_line' id='line_1_94' title="bbox 1556 3727 2590 3789; baseline 0.009 -18"><span class='ocrx_word' id='word_1_559' title='bbox 1556 3728 1655 3772; x_wconf 85' lang='lat' dir='ltr'><strong>tam</strong></span> <span class='ocrx_word' id='word_1_560' title='bbox 1697 3727 1832 3773; x_wconf 86' lang='lat' dir='ltr'><strong>illam</strong></span> <span class='ocrx_word' id='word_1_561' title='bbox 1875 3727 2144 3787; x_wconf 87' lang='lat' dir='ltr'><strong>fabulosam</strong></span> <span class='ocrx_word' id='word_1_562' title='bbox 2190 3730 2473 3789; x_wconf 79' lang='lat' dir='ltr'><strong>Charybdis</strong></span> <span class='ocrx_word' id='word_1_563' title='bbox 2520 3746 2550 3780; x_wconf 91' lang='lat' dir='ltr'><strong>a</strong></span> <span class='ocrx_word' id='word_1_564' title='bbox 2569 3761 2590 3772; x_wconf 89' lang='lat'>-</span> 
     </span>
     <span class='ocr_line' id='line_1_95' title="bbox 1557 3791 2589 3853; baseline 0.01 -16"><span class='ocrx_word' id='word_1_565' title='bbox 1557 3805 1770 3853; x_wconf 81' lang='lat' dir='ltr'><strong>quam,</strong></span> <span class='ocrx_word' id='word_1_566' title='bbox 1821 3794 1907 3840; x_wconf 77' lang='lat' dir='ltr'><strong>diu</strong></span> <span class='ocrx_word' id='word_1_567' title='bbox 1942 3796 2003 3840; x_wconf 90' lang='lat' dir='ltr'><strong>ab</strong></span> <span class='ocrx_word' id='word_1_568' title='bbox 2047 3791 2210 3843; x_wconf 76' lang='lat' dir='ltr'><strong>austro</strong></span> <span class='ocrx_word' id='word_1_569' title='bbox 2251 3801 2589 3847; x_wconf 81' lang='lat' dir='ltr'><strong>revocatu-</strong></span> 
     </span>
     <span class='ocr_line' id='line_1_96' title="bbox 1556 3862 2588 3920; baseline 0.009 -15"><span class='ocrx_word' id='word_1_570' title='bbox 1556 3871 1704 3905; x_wconf 86' lang='lat' dir='ltr'><strong>ram.</strong></span> <span class='ocrx_word' id='word_1_571' title='bbox 1764 3863 1883 3907; x_wconf 78' lang='lat' dir='ltr'><strong>Aut</strong></span> <span class='ocrx_word' id='word_1_572' title='bbox 1913 3862 1956 3907; x_wconf 88' lang='lat' dir='ltr'><strong>si</strong></span> <span class='ocrx_word' id='word_1_573' title='bbox 1981 3863 2115 3920; x_wconf 78' lang='lat' dir='ltr'><strong>quis</strong></span> <span class='ocrx_word' id='word_1_574' title='bbox 2148 3864 2258 3911; x_wconf 82' lang='lat' dir='ltr'><strong>inde</strong></span> <span class='ocrx_word' id='word_1_575' title='bbox 2284 3865 2588 3914; x_wconf 73' lang='lat' dir='ltr'><strong>vehaemen·</strong></span> 
     </span>
    </p>

    <p class='ocr_par' dir='ltr' id='par_1_21' title="bbox 1554 3926 2587 4059">
     <span class='ocr_line' id='line_1_97' title="bbox 1554 3926 2587 3990; baseline 0.01 -19"><span class='ocrx_word' id='word_1_576' title='bbox 1554 3926 1647 3972; x_wconf 87' lang='lat' dir='ltr'><strong>tius</strong></span> <span class='ocrx_word' id='word_1_577' title='bbox 1674 3927 1875 3984; x_wconf 79' lang='lat' dir='ltr'><strong>spiravit</strong></span> <span class='ocrx_word' id='word_1_578' title='bbox 1903 3927 2039 3975; x_wconf 80' lang='lat' dir='ltr'><strong>biatu</strong></span> <span class='ocrx_word' id='word_1_579' title='bbox 2068 3942 2257 3990; x_wconf 86' lang='lat' dir='ltr'><strong>magno.</strong></span> <span class='ocrx_word' id='word_1_580' title='bbox 2330 3929 2456 3983; x_wconf 62' lang='grc'><strong>(9.2..</strong></span> <span class='ocrx_word' id='word_1_581' title='bbox 2469 3933 2587 3986; x_wconf 58' lang='lat' dir='ltr'><strong>..Q</strong></span> 
     </span>
     <span class='ocr_line' id='line_1_98' title="bbox 1555 3963 2588 4059; baseline 0.013 -24"><span class='ocrx_word' id='word_1_582' title='bbox 1555 4011 1623 4034; x_wconf 91' lang='grc' dir='ltr'><strong>Ξ</strong></span> <span class='ocrx_word' id='word_1_583' title='bbox 1651 3994 1867 4040; x_wconf 79' lang='lat' dir='ltr'><strong>verticem</strong></span> <span class='ocrx_word' id='word_1_584' title='bbox 1892 3996 2197 4056; x_wconf 76' lang='lat' dir='ltr'><strong>restringere,</strong></span> <span class='ocrx_word' id='word_1_585' title='bbox 2242 3963 2498 4059; x_wconf 38' lang='lat' dir='ltr'><strong>fretum,</strong></span> <span class='ocrx_word' id='word_1_586' title='bbox 2527 4003 2588 4048; x_wconf 90' lang='lat' dir='ltr'><strong>il-</strong></span> 
     </span>
    </p>

    <p class='ocr_par' dir='ltr' id='par_1_22' title="bbox 1551 4058 2585 4259">
     <span class='ocr_line' id='line_1_99' title="bbox 1553 4058 2585 4127; baseline 0.01 -22"><span class='ocrx_word' id='word_1_587' title='bbox 1553 4059 1652 4105; x_wconf 84' lang='lat' dir='ltr'><strong>lam</strong></span> <span class='ocrx_word' id='word_1_588' title='bbox 1713 4058 1981 4118; x_wconf 78' lang='lat' dir='ltr'><strong>fabulosam</strong></span> <span class='ocrx_word' id='word_1_589' title='bbox 2046 4063 2335 4122; x_wconf 69' lang='lat' dir='ltr'><strong>Charybdim</strong></span> <span class='ocrx_word' id='word_1_590' title='bbox 2397 4066 2469 4114; x_wconf 88' lang='lat' dir='ltr'><strong>d</strong></span> <span class='ocrx_word' id='word_1_591' title='bbox 2451 4081 2469 4113; x_wconf 86' lang='grc' dir='ltr'><strong>ι</strong></span> <span class='ocrx_word' id='word_1_592' title='bbox 2493 4080 2519 4115; x_wconf 87' lang='lat' dir='ltr'><strong>c</strong></span> <span class='ocrx_word' id='word_1_593' title='bbox 2541 4081 2585 4127; x_wconf 89' lang='lat' dir='ltr'><strong>o,</strong></span> 
     </span>
     <span class='ocr_line' id='line_1_100' title="bbox 1551 4126 2583 4195; baseline 0.01 -24"><span class='ocrx_word' id='word_1_594' title='bbox 1551 4126 1781 4185; x_wconf 80' lang='lat' dir='ltr'><strong>quamdiu</strong></span> <span class='ocrx_word' id='word_1_595' title='bbox 1812 4128 1873 4173; x_wconf 89' lang='lat' dir='ltr'><strong>ab</strong></span> <span class='ocrx_word' id='word_1_596' title='bbox 1906 4131 2067 4182; x_wconf 82' lang='lat' dir='ltr'><strong>austro</strong></span> <span class='ocrx_word' id='word_1_597' title='bbox 2097 4135 2260 4191; x_wconf 82' lang='lat' dir='ltr'><strong>vacat,</strong></span> <span class='ocrx_word' id='word_1_598' title='bbox 2281 4134 2583 4195; x_wconf 80' lang='lat' dir='ltr'><strong>quietam,</strong></span> 
     </span>
     <span class='ocr_line' id='line_1_101' title="bbox 1551 4194 2582 4260; baseline 0.009 -20"><span class='ocrx_word' id='word_1_599' title='bbox 1551 4195 1662 4241; x_wconf 79' lang='lat' dir='ltr'><strong>atsi</strong></span> <span class='ocrx_word' id='word_1_600' title='bbox 1685 4194 1816 4252; x_wconf 84' lang='lat' dir='ltr'><strong>quis</strong></span> <span class='ocrx_word' id='word_1_601' title='bbox 1847 4195 1956 4242; x_wconf 87' lang='lat' dir='ltr'><strong>inde</strong></span> <span class='ocrx_word' id='word_1_602' title='bbox 1989 4201 2213 4247; x_wconf 83' lang='lat' dir='ltr'><strong>ventus</strong></span> <span class='ocrx_word' id='word_1_603' title='bbox 2237 4201 2463 4260; x_wconf 83' lang='lat' dir='ltr'><strong>spiravit,</strong></span> <span class='ocrx_word' id='word_1_604' title='bbox 2482 4200 2582 4249; x_wconf 82' lang='lat' dir='ltr'><strong>bia-</strong></span> 
     </span>
    </p>
   </div>
   <div class='ocr_carea' id='block_1_14' title="bbox 449 4256 2577 4333">
    <p class='ocr_par' dir='ltr' id='par_1_23' title="bbox 449 4256 2577 4333">
     <span class='ocr_line' id='line_1_102' title="bbox 449 4256 2577 4333; baseline 0.009 -31"><span class='ocrx_word' id='word_1_605' title='bbox 449 4268 513 4303; x_wconf 86' lang='lat' dir='ltr'><strong>co</strong></span> <span class='ocrx_word' id='word_1_606' title='bbox 527 4256 788 4315; x_wconf 65' lang='lat' dir='ltr'><strong>instringere</strong></span> <span class='ocrx_word' id='word_1_607' title='bbox 819 4259 1020 4305; x_wconf 83' lang='lat' dir='ltr'><strong>stratam</strong></span> <span class='ocrx_word' id='word_1_608' title='bbox 1054 4259 1187 4307; x_wconf 86' lang='lat' dir='ltr'><strong>illam</strong></span> <span class='ocrx_word' id='word_1_609' title='bbox 1217 4261 1486 4321; x_wconf 81' lang='lat' dir='ltr'><strong>fabulosam</strong></span> <span class='ocrx_word' id='word_1_610' title='bbox 1548 4261 1599 4308; x_wconf 83' lang='lat' dir='ltr'><strong>tu</strong></span> <span class='ocrx_word' id='word_1_611' title='bbox 1636 4271 1809 4321; x_wconf 68' lang='lat' dir='ltr'><strong>magno</strong></span> <span class='ocrx_word' id='word_1_612' title='bbox 1856 4260 1927 4325; x_wconf 65' lang='lat' dir='ltr'><strong>(Q)</strong></span> <span class='ocrx_word' id='word_1_613' title='bbox 1955 4279 2026 4305; x_wconf 79' lang='lat'><strong>===</strong></span> <span class='ocrx_word' id='word_1_614' title='bbox 2050 4265 2345 4332; x_wconf 57' lang='lat' dir='ltr'><strong>restringere)</strong></span> <span class='ocrx_word' id='word_1_615' title='bbox 2383 4266 2577 4333; x_wconf 77' lang='lat' dir='ltr'><strong>fretum).</strong></span> 
     </span>
    </p>
   </div>
  </div>
 </body>
</html>
