2767 4934
1043 320 1484 422 marmio.
2236 366 2346 427 vu

345 525 433 591 11.
522 524 933 590 Berelineasis
957 525 1069 609 (E)
1105 524 1253 608 [Ms‚
1284 527 1388 590 lat.
1423 523 1565 591 Oct.
1598 530 1693 609 9.]
1731 527 1977 591 membr.
2008 549 2135 593 sec.
2155 526 2336 594 Xffl.

172 648 299 711 foll.
338 655 451 710 98.
493 645 617 708 coL'
651 642 713 708 I.
756 643 907 707 linn.
942 644 1287 729 plerumque
1319 654 1427 709 2⁵.
1470 652 1537 708 8.
1573 654 1854 709 accurate
1888 644 2344 731 enipius-fino-

176 766 263 829 ris
296 762 581 842 minutis,
641 782 889 845 quarum
925 761 1112 847 prima
1156 780 1307 827 auro
1349 772 1413 826 et
1459 761 1642 827 variis
1685 761 1984 827 coloribus
2024 773 2115 827 est
2159 763 2337 849 picta.

180 881 419 933 Continet
448 878 572 930 inde
604 897 635 930 a
663 878 755 929 fol.
783 874 837 929 9.
870 880 1087 930 Senecae
1113 879 1257 930 Natt.
1290 880 1520 942 Quaestt.
1545 878 1601 930 ll.
1620 881 1758 931 vm.
1787 879 1843 950 (l.
1873 881 2008 933 vm.
2041 883 2111 932 De
2134 883 2230 932 Nili
2259 884 2346 935 in·-

182 952 409 1034 crmenlo
440 990 522 1030 est
556 978 720 1048 quarti
750 978 946 1028 initium
983 981 1051 1044 [c.
1088 979 1136 1029 1.
1165 977 1243 1045 2.]
1276 997 1367 1031 suo
1401 980 1518 1032 loco
1552 979 1838 1049 omissum):
1889 980 1941 1030 in
1976 980 2182 1048 quibus,
2229 998 2342 1035 cum

187 1084 313 1132 inter
344 1082 438 1133 sol.
460 1079 540 1131 18.
567 1090 620 1131 et
639 1076 718 1129 19.
752 1078 1024 1130 exciderint
1057 1062 1154 1130 tria
1189 1080 1339 1143 solia,
1392 1080 1738 1132 desiderantur
1771 1081 1938 1133 omnia
1969 1098 1999 1131 a
2027 1079 2193 1132 verbis
2228 1083 2343 1147 [od-

183 1186 379 1250 paer‘i.
448 1184 683 1244 Numquis
716 1196 870 1246 usque
899 1179 964 1229 ad
1000 1198 1042 1230 c.
1077 1181 1158 1245 15,
1192 1180 1243 1232 8.
1279 1185 1564 1246 detorquere.
1631 1184 1781 1234 Hunc
1811 1201 1920 1233 esse
1952 1184 2166 1234 eundem
2192 1194 2342 1252 atque

182 1284 296 1336 cod.
342 1281 724 1334 Erfurdiensem
757 1279 820 1331 ab
854 1282 895 1330 Ι.
931 1282 989 1331 F.
1024 1281 1231 1334 Herelio
1280 1282 1517 1333 collatum
1559 1284 1731 1333 statim
1770 1282 2023 1347 intellexi,
2079 1301 2192 1335 eum
2224 1293 2342 1335 ante

178 1404 264 1436 sem
298 1386 412 1435 fere
440 1400 637 1433 menses
665 1380 857 1432 Herelii
887 1381 1102 1432 schedae
1136 1400 1197 1432 ex
1236 1384 1450 1433 Fessleri
1482 1386 1738 1451 Apparatu
1770 1382 1838 1434 ad
1865 1401 1947 1435 me
1980 1383 2178 1435 delatae
2207 1393 2339 1436 sunt.

182 1489 299 1549 Quo
330 1494 504 1536 antem
536 1484 715 1535 certius
767 1485 1022 1535 constaret
1052 1483 1118 1535 de
1167 1482 1271 1535 eins
1302 1483 1597 1551 seripturis,
1647 1483 1839 1537 Hei-elii
1875 1494 2111 1553 excerpta
2147 1485 2344 1553 integr·

180 1587 336 1647 dedi,
368 1596 496 1636 nota
524 1602 554 1634 e
586 1583 876 1651 significata.
943 1584 1102 1633 Huius
1134 1583 1250 1634 libri
1281 1583 1585 1651 scripturas,
1621 1602 1733 1635 cnm
1760 1586 1980 1636 omnium
2015 1585 2164 1637 facile
2196 1585 2335 1654 opti-

181 1705 297 1741 mus
332 1703 441 1736 esse
470 1685 755 1747 videretur,
791 1693 986 1734 tantum
1019 1699 1123 1735 non
1158 1701 1330 1735 omnes
1363 1684 1567 1753 recepi,
1601 1684 1823 1737 codicem
1856 1685 2076 1755 alioquin
2101 1686 2343 1755 optimum

191 1790 269 1861 ne·
289 1786 355 1835 ‘fis
383 1786 577 1852 quidem
613 1784 740 1837 locis
768 1784 1093 1836 deserendum
1127 1784 1393 1836 arbitratus
1407 1823 1426 1848 ,
1472 1784 1524 1835 in
1558 1785 1734 1853 quibus
1767 1786 1852 1837 alii
1881 1786 2187 1852 speciosiora
2220 1802 2342 1853 prae

190 1879 254 1936 s‘e
283 1886 490 1936 fen-ent.
566 1887 681 1938 Nec
708 1896 879 1937 tamen
922 1901 1055 1953 nego
1088 1882 1270 1936 alicubi
1318 1887 1472 1938 etiam
1504 1886 1640 1937 hunc
1670 1903 1779 1936 esse
1813 1895 2102 1952 corruptum
2137 1894 2225 1936 aut
2256 1884 2340 1934 in-

181 1986 506 2055 terpolatum.

355 2135 476 2201 III.
570 2134 1070 2225 Guelferbytanus
1121 2134 1231 2221 (G.
1278 2136 1401 2201 vol.
1436 2134 1488 2200 1.
1530 2137 1723 2222 praet.
1763 2151 1826 2224 p'.
1861 2133 2018 2203 XX.
2056 2133 2142 2202 II.
2179 2144 2240 2201 1.
2280 2135 2345 2220 d)

184 2255 246 2318 in
274 2255 368 2318 bis
400 2274 636 2338 quoque
671 2254 834 2319 libris
870 2254 1089 2340 passim
1121 2254 1423 2319 meliorem
1470 2255 1816 2340 scripturam
1858 2256 1921 2325 in
1953 2255 2218 2339 margine
2246 2264 2349 2317 aut

178 2373 345 2436 inter
387 2373 583 2435 lineas
624 2371 805 2441 habet¹
843 2392 1014 2455 quam
1059 2369 1123 2433 in
1160 2371 1293 2457 ipso
1335 2382 1648 2436 contextu.

354 2536 414 2602 Ι.
445 2535 557 2602 Fr.
593 2536 885 2604 Gronovii
924 2547 1100 2601 notae
1131 2547 1354 2627 mstae‚
1403 2560 1554 2623 quas
1585 2560 1666 2607 ex
1699 2538 2056 2607 bibliotheca
2089 2536 2346 2601 civitatis

184 2655 659 2739 numburgensis
703 2652 920 2741 [intpp.
953 2664 1134 2718 auctt.
1167 2652 1422 2721 XXIX.·
1454 2660 1562 2737 4⁰]
1596 2667 1804 2723 nactus
1829 2677 1997 2735 snm,
2043 2654 2173 2738 plns
2205 2674 2349 2717 con-

190 2774 390 2845 ferunt
421 2772 496 2835 ad
528 2771 907 2856 explicandas
925 2769 1100 2835 Natt.
1121 2769 1400 2854 Quaaett.
1421 2795 1594 2857 quam
1624 2775 1697 2838 ad
1727 2774 2146 2838 emendandas.
2196 2769 2353 2837 Sunt

24 2854 25 2911 ζ
57 2898 74 2919 ·
128 2879 137 2888 ’
188 2899 387 2953 autem
420 2889 639 2952 dietata
662 2889 804 2968 illa,
865 2896 900 2951 a
936 2888 1131 2973 magni
1164 2888 1277 2954 viri
1311 2891 1560 2974 quodam
1600 2879 1881 2977 discipulo
1915 2892 2140 2955 calamo
2172 2908 2352 2952 exce-

193 3018 334 3092 pta:
379 3027 516 3070 nam
555 3003 824 3070 Senecae
853 3004 1027 3069 Natt.
1059 3003 1333 3088 Quaestt.
1371 3029 1438 3071 se
1467 3030 1666 3072 coram
1701 3008 2001 3093 discipulis
2037 3024 2352 3101 enarrasse

200 3122 332 3207 ipse
346 3122 686 3189 Gronovius
715 3124 888 3187 tradit
909 3123 971 3186 in
986 3121 1167 3187 Notis
1191 3124 1362 3188 editis
1392 3126 1463 3187 ad
1479 3123 1564 3186 N.
1590 3122 1777 3207 Q.11‚
1798 3132 1904 3203 49,
1926 3133 1988 3186 3.
2016 3146 2074 3207 p.
2095 3129 2350 3202 304.sq.

198 3237 545 3325 Significavi
586 3261 696 3328 per
738 3238 931 3305 Gron.
979 3242 1147 3327 (ms).

362 3407 470 3472 Ex
522 3406 768 3472 Gruteri
821 3408 995 3472 mstis
1037 3407 1212 3492 (Gr.)
1251 3419 1473 3473 tantum
1520 3388 1638 3472 ΡΞ.
1671 3417 1734 3473 4.
1784 3404 1920 3472 Col.
1979 3403 2359 3469 continebant

196 3525 374 3590 Nau.
398 3524 707 3609 Quaestt„
753 3525 824 3588 ad
863 3546 1008 3609 quos
1035 3526 1287 3589 accessit
1307 3523 1730 3610 Fragmentum
1763 3518 2123 3589 Colonieuse
2150 3519 2360 3605 (Fr-

200 3640 375 3725 Col.)
412 3662 769 3721 „annexum
808 3643 980 3705 alteri
1020 3643 1102 3706 illi
1137 3640 1523 3709 Coloniensi=
1572 3643 1835 3711 continet
1868 3651 2088 3709 tantum
2120 3637 2361 3701 Praefa-

200 3759 425 3823 tionem
457 3778 569 3822 nec
597 3780 717 3822 nou
753 3760 1036 3843 quaedam
1072 3761 1187 3824 alia
1223 3771 1541 3845 excerpta,
1585 3781 1739 3845 quae
1776 3761 1930 3823 forte
1962 3754 2244 3839 impleant
2275 3753 2363 3817 fo-

201 3877 282 3939 lia
307 3876 505 3939 tria.“
593 3873 855 3940 Praebet
889 3888 1088 3941 tamen
1118 3862 1467 3962 scripturam
1486 3877 1727 3961 probam
1755 3885 1817 3939 et
1840 3895 1974 3939 meo
2006 3871 2064 3935 E
2086 3870 2358 3935 similem.

202 3990 344 4060 Lib.
374 3990 705 4059 meondi
735 4014 916 4079 opera
951 3996 1122 4079 (24.)
1160 3995 1351 4079 magis
1395 4004 1625 4080 spectat
1670 3994 1742 4057 ad
1781 3990 2159 4057 illustrandas
2188 3985 2358 4051 Natt.

95 4196 101 4204 ι
208 4107 496 4192 Quaestt.
522 4131 691 4194 quam
735 4112 812 4175 ad
848 4112 1256 4198 castigandas:
1313 4111 1469 4177 idem
1513 4112 1652 4175 licet
1677 4129 2027 4176 asseverare
2060 4109 2131 4175 de
2165 4104 2246 4170 G.
2281 4103 2362 4168 l).

212 4223 510 4308 finalem,
556 4227 724 4311 cuius
755 4229 934 4294 editio
965 4224 1264 4315 (Gotting.
1304 4231 1498 4312 1819)
1530 4251 1661 4295 cuin
1699 4239 1859 4293 esset
1891 4220 2153 4292 auctoris
2181 4233 2372 4293 morte
