2767 4934
450 338 576 440 ⁸744
1035 335 1497 398 FRAGMENTA
1542 337 1646 398 Ex
1691 337 1974 400 SCRIPTI
1979 337 2020 398 S

449 505 821 589 componitur
873 503 1031 567 inter
1070 503 1382 583 absentes,
1448 523 1557 567 nec
1609 514 1737 567 tuto
1777 503 2044 589 epistulis
2099 503 2293 568 omnis
2348 505 2604 589 querella

448 605 862 683 committitur,
909 616 972 669 et
1016 604 1390 689 inexplorata
1424 606 1649 683 fronte,
1696 624 1804 688 per
1837 625 2010 688 quam
2042 605 2371 688 produntur
2402 590 2597 685 animi,

447 707 734 770 incertum
778 715 874 768 est
913 726 1088 789 quam
1132 704 1476 790 simpliciter
1502 706 1813 788 detegatur
1840 705 1969 785 ira,
2016 726 2189 789 quam
2225 706 2472 770 fideliter
2501 708 2601 771 de-

446 807 623 871 sinat.
712 803 819 870 Sic
871 805 1062 870 amico
1119 806 1499 870 iudicaturus
1557 807 1804 870 amicus
1842 825 1880 868 a
1921 815 2233 891 praesente
2275 808 2599 872 secuudum

443 907 749 971 absentem
792 908 915 971 det.

616 1004 901 1092 Quisquis
930 1027 1000 1070 re
1043 1007 1313 1071 consulta
1353 1007 1444 1070 ri.
1470 1053 1486 1069 .
1516 1051 1532 1069 .
1562 1054 1577 1070 .
1604 1006 1913 1071 contrahat
1942 1006 2252 1092 plurimum
2296 1008 2495 1093 operis
2522 1009 2603 1072 fa-

444 1107 562 1171 cit:
621 1107 685 1171 in
710 1127 837 1170 rem
863 1118 1236 1192 praesentem
1267 1108 1552 1191 perducat
1577 1107 1851 1170 amicum.
1930 1104 2435 1188 Quemadmodum
2461 1110 2606 1173 mul-

443 1219 509 1271 ta'
536 1228 783 1291 quorum
822 1208 886 1270 in
919 1207 1179 1271 tenebris
1217 1207 1461 1270 audacia
1490 1217 1621 1286 est,
1667 1208 1804 1270 luce
1834 1207 2252 1292 prohibentur,
2294 1209 2412 1287 ita,
2459 1230 2603 1293 quae

444 1308 723 1373 absentes
749 1308 996 1372 inritant
1020 1318 1082 1372 ει
1111 1307 1432 1387 concitant,
1468 1308 1540 1370 ad
1571 1307 1965 1392 praesentiam
1997 1329 2117 1372 non
2145 1310 2366 1374 ferunt.
2436 1308 2604 1395 Opti-

444 1431 604 1474 mum
646 1420 740 1473 est
766 1409 966 1493 itaque
987 1455 1005 1487 ,
1065 1409 1238 1472 etiam
1275 1408 1329 1471 si
1361 1407 1502 1492 quid
1538 1407 1947 1491 neglegentius
1991 1409 2464 1493 praetermissum
2506 1421 2600 1473 est

450 1556 466 1572 .
493 1557 509 1573 .
532 1556 549 1575 .
575 1556 592 1575 .
618 1510 720 1575 bu.
769 1531 871 1573 an.
915 1532 978 1573 u.
1028 1509 1243 1572 factum
1290 1528 1395 1572 ere
1423 1553 1607 1573 .....
1648 1518 2022 1593 conputatum
2054 1554 2071 1571 .
2117 1556 2135 1573 .
2169 1556 2185 1572 .
2217 1508 2385 1574 verbi
2417 1556 2592 1574 .....

440 1610 504 1674 in
546 1610 607 1672 id
648 1620 878 1694 tempus
901 1655 917 1671 .
947 1655 965 1672 .
994 1655 1012 1672 .
1034 1610 1134 1693 niq
1163 1654 1179 1670 .
1212 1630 1248 1672 o
1278 1609 1508 1694 possit.
1533 1599 1592 1672 .'.
1612 1654 1630 1671 .
1667 1607 1783 1672 nob
1806 1654 1822 1672 .
1843 1608 1898 1671 le
1925 1655 1941 1671 .
1965 1654 1981 1672 .
2004 1608 2059 1671 le
2088 1630 2155 1672 re
2179 1655 2497 1674 ........
2524 1632 2597 1674 ne

441 1730 587 1795 pens
620 1711 734 1773 ad.
762 1756 780 1773 .
805 1710 973 1773 nari.
995 1709 1082 1773 ‚si
1122 1755 1138 1773 .
1164 1720 1537 1792 praeterea
1578 1711 1902 1773 sincerum
1945 1709 2275 1773 amicitiam
2318 1711 2493 1775 decet
2540 1722 2603 1776 ut

440 1811 571 1875 sine
615 1810 891 1875 cicatrice
920 1820 1202 1875 sanetur.
2225 1894 2235 1901 ⁸

612 1908 985 1992 Quaeramus
1024 1932 1063 1973 a
1105 1909 1479 1975 uenientibus
1505 1910 1642 1994 quid
1673 1910 1950 1974 absentes
1979 1920 2195 1994 agant,
2243 1910 2602 1995 debitoribus

436 2012 672 2076 illorum
716 2012 1043 2093 instemus,
1090 2011 1480 2076 creditoribus
1517 2012 2013 2099 respondeamus,
2060 2012 2314 2076 inimicis
2357 2012 2599 2077 resista-

440 2133 608 2175 mus:
658 2111 712 2175 si
753 2123 858 2177 aut
896 2149 985 2161 —
1023 2149 1112 2162 —-
1165 2149 1235 2159 --

607 2211 692 2273 Π.
741 2214 1057 2296 quaeritis:
1102 2214 1302 2297 itaque
1336 2222 1634 2277 momento
1658 2212 1947 2275 amicitiae
1983 2222 2221 2276 uestrae
2248 2213 2605 2278 exolescunt

441 2332 687 2396 quarum
718 2318 899 2377 ‘mens
943 2324 1046 2377 aut
1088 2315 1317 2377 animus
1361 2313 1570 2398 pignus
1612 2323 1726 2377 est.

438 2409 446 2417 ’
609 2411 745 2477 Una
779 2414 1177 2499 peregrinatio
1224 2414 1414 2478 eradit
1451 2413 1646 2477 animo
1689 2413 1780 2476 ius
1824 2434 2032 2476 omnes
2080 2414 2134 2476 si
2176 2436 2323 2477 uero
2364 2416 2604 2499 longior

439 2513 589 2579 haec
636 2524 730 2579 est
771 2524 832 2577 et
874 2514 1283 2599 longinquior,
1353 2515 1576 2577 excidit
1619 2512 1826 2576 notitia
1875 2535 2145 2597 quoque,
2205 2537 2323 2578 non
2363 2525 2602 2581 tantum

440 2614 721 2691 amicitia.
812 2612 989 2696 Quod
1029 2616 1331 2701 ne·possit
1373 2614 1683 2692 accidere,
1746 2614 1905 2676 omni
1950 2635 2131 2699 opera
2170 2614 2491 2695 sistamuS,
2542 2628 2604 2681 et

440 2715 760 2797 fugientem
797 2717 1142 2779 memoriam
1174 2717 1555 2778 reducamusz
1605 2725 1868 2791 utamur,
1916 2715 2069 2778 utin
2102 2715 2284 2799 prima
2310 2726 2479 2797 parte
2512 2718 2602 2779 di-

439 2811 678 2890 cebam,
726 2813 906 2876 animi
951 2815 1294 2891 uelocitate,
1342 2813 1637 2875 neminem
1684 2834 1723 2875 a
1755 2813 1927 2877 nobis
1968 2816 2213 2877 amicum
2252 2814 2463 2878 abesse
2498 2838 2606 2901 pa-

439 2912 691 2993 tiamur,
753 2912 816 2976 in
863 2912 1119 2977 animum
1165 2913 1413 2978 subinde
1458 2924 1722 2977 nostrum
1767 2925 2147 2978 reuertantur
2188 2916 2381 2978 futura
2424 2917 2602 2981 nobis

439 3025 705 3100 promtu,
753 3014 873 3077 iam
902 3026 967 3079 nt
1008 3015 1330 3101 praeterita
1371 3025 1739 3099 repetamusz
1803 3016 1890 3077 sic
1932 3015 2029 3078 ille
2073 3034 2319 3094 manuS,
2367 3016 2457 3079 sic
2493 3039 2606 3081 ora

437 3115 699 3178 ferebat:
746 3115 940 3201 imago
971 3116 1284 3199 effingatur
1323 3115 1520 3178 animo
1557 3114 1829 3178 notabilis
1863 3126 1924 3179 et
1954 3136 1989 3178 e
2034 3116 2172 3182 uiuo
2214 3115 2429 3201 petita,
2477 3139 2605 3181 non

439 3215 688 3278 euanida
733 3226 794 3279 ει
833 3227 1017 3281 muta.
1112 3213 1216 3279 Sic
1258 3215 1357 3277 ille
1388 3235 1635 3293 manuS,
1682 3214 1768 3278 sic
1804 3236 1909 3278 ora
1958 3216 2217 3279 ferebatz
2274 3215 2606 3282 adiciamus

369 3311 374 3316 ⁴
434 3315 535 3378 illa
569 3335 721 3399 quae
753 3316 941 3400 magis
978 3317 1214 3380 adrem
1251 3315 1579 3401 pertinent:
1640 3316 1726 3378 sic
1767 3315 2152 3399 loquebatur,
2198 3315 2284 3379 sic
2318 3315 2608 3381 hortaba-

436 3426 567 3495 tur,
627 3415 713 3479 sic
760 3417 1132 3495 deterrebat,
1193 3417 1280 3480 sic
1327 3425 1455 3479 erat
1491 3415 1553 3479 in
1595 3403 1785 3479 dando
1828 3416 2075 3480 consilio
2124 3417 2473 3501 expeditus,
2537 3419 2606 3482 in

434 3515 771 3599 accipiendo
799 3528 1072 3600 paratus,
1123 3517 1186 3581 in
1223 3517 1501 3580 mutando
1534 3537 1654 3580 non
1678 3516 1987 3601 pertinax:
2036 3517 2124 3579 sic
2154 3517 2382 3580 solebat
2411 3518 2606 3583 bene·

434 3617 564 3681 ficia
603 3614 922 3680 liberaliter
954 3620 1130 3698 dare,
1178 3618 1472 3703 patienter
1496 3618 1784 3702 perdere,
1831 3617 1918 3679 sic
1948 3618 2299 3702 properabat
2321 3618 2607 3703 benigni-

433 3727 525 3781 tas
568 3716 738 3796 eius,
782 3718 869 3781 sic
912 3717 1311 3795 irascebatur,
1377 3737 1452 3780 εο
1490 3717 1655 3780 uultu
1698 3717 1770 3780 ab
1813 3717 2002 3781 amico
2045 3717 2426 3799 uincebatur,
2475 3734 2604 3803 quo

434 3818 630 3884 solent
694 3818 975 3882 uincere=¹
1041 3828 1273 3882 ceteras
1327 3817 1579 3881 uirtutes
1634 3837 2009 3902 pererremus
2034 3865 2053 3899 ‚
2113 3817 2177 3881 in·
2233 3819 2432 3883 harum
2476 3838 2605 3881 usu

430 3907 802 4002 tractatuque
847 3939 1187 3984 uersemurz
1254 3929 1350 3997 et,
1414 3918 1467 3980 si
1508 3918 1706 4002 plures
1766 3919 1973 3981 eodem
2030 3928 2296 4004 tempore
2351 3919 2603 3999 absunt,

431 4021 596 4085 uelut
638 4040 846 4105 sparsa
884 4020 1145 4105 pluribus
1192 4019 1340 4083 locis
1382 4019 1644 4083 membra
1689 4019 2099 4083 familiaritatis
2143 4030 2383 4084 nostrae
2429 4020 2612 4083 colli-

430 4138 673 4202 gamus:
732 4143 889 4186 nunc
923 4121 1058 4203 hic,
1103 4141 1257 4195 nunc
1288 4119 1387 4183 ille
1432 4119 1495 4184 in
1539 4140 1645 4183 ore
1687 4119 1997 4203 animoque
2041 4119 2159 4200 sit,
2206 4119 2307 4186 ubi
2332 4163 2349 4182 .
2375 4120 2392 4183 ζ
2417 4120 2610 4185 e.ius

432 4264 450 4281 .
471 4262 491 4282 .
516 4218 605 4281 si.
634 4264 649 4281 .
674 4219 773 4283 hui
793 4267 809 4285 .
832 4242 1039 4307 nempe
1076 4243 1220 4287 nese
1269 4219 1432 4285 nulla
1458 4230 1687 4286 tantum
1730 4219 1918 4306 possit
1952 4231 2217 4288 uetustas
2262 4231 2326 4284 ut
2368 4240 2611 4285 memo·
