2767 4934
388 462 393 471 Ι
460 382 539 445 v1
1320 373 1760 440 PRAEFATm.

465 556 526 610 et
556 541 643 608 ΙΙ.
691 542 937 627 scripsi,
998 543 1093 607 bic
1132 553 1405 630 repetere
1443 544 1831 629 supersedeo.
1918 542 2131 607 Adiice
2174 553 2413 623 tamen,
2463 545 2623 627 quod
2704 583 2708 587 .

469 661 763 726 Gruterus
801 661 861 722 in
894 660 1058 724 libris
1093 661 1165 725 de
1194 658 1598 738 Providentia,
1646 661 1718 724 de
1750 657 2126 740 Constantia,
2167 661 2248 739 ,de
2268 659 2410 725 Vita
2431 657 2625 724 Beata

466 788 704 864 praeter
716 776 827 841 P2.
849 786 907 841 5.
928 786 987 842 4.
1010 775 1144 842 Col.
1168 799 1311 842 usus
1335 788 1429 841 est
1456 776 1658 841 codiee
1676 773 2010 857 Orteliano,
2031 777 2093 842 V
2112 798 2244 841 meo
2264 777 2439 841 simili
2468 779 2619 843 fere.

469 893 812 961 Gronovius
852 905 1045 958 autem
1076 916 1510 978 nonnumquam
1543 895 1741 957 laudat
1770 895 1903 957 cod.
1941 891 2435 975 Bruxellensem,
2484 917 2622 960 raro

469 1012 584 1076 duo
613 1009 1067 1075 BruxellenseS.
1154 1008 1480 1076 Praeterea
1503 1013 1574 1078 in
1611 1012 1832 1090 libello,
1881 1012 1978 1106 qui
2010 1012 2082 1075 de
2109 1009 2495 1077 Providentia
2525 1034 2625 1076 so-

466 1128 550 1192 let
580 1127 862 1208 inscribi,
910 1124 987 1190 Β.
1028 1127 1110 1191 Α.
1141 1126 1345 1192 Nauta
1359 1126 1423 1214 *)
1449 1130 1695 1193 duorum
1730 1129 1901 1192 codd.
1937 1101 2421 1224 Lugdunensium
2455 1127 2625 1213 (Fu)

465 1245 785 1331 scripturas
820 1245 1161 1331 proposuit,
1210 1267 1456 1330 quorum
1497 1247 1645 1311 alter
1677 1246 1814 1309 olim
1860 1247 2053 1309 fuerat
2083 1243 2304 1309 Franc.
2339 1244 2619 1326 Fabricii,

467 1361 620 1424 alter
656 1358 741 1425 Is.
770 1360 1013 1427 Vossii=
1060 1362 1320 1427 bic‘cum
1372 1384 1505 1427 meo
1546 1385 1587 1447 g
1625 1363 1779 1454 solet
1816 1363 2153 1429 consentire
2198 1374 2260 1426 et
2298 1363 2484 1427 altero
2531 1374 2630 1428 est

466 1478 637 1561 paulo
680 1478 962 1544 deterior.
2134 1466 2138 1474 ¹

636 1661 735 1727 Ad
773 1661 1098 1728 Naturales
1130 1663 1527 1748 Quaestiones
1571 1662 1966 1726 emendandas
2010 1662 2244 1755 adhibui
2286 1672 2411 1727 tres
2441 1664 2629 1730 libros

469 1787 677 1843 iustos.
716 1777 723 1782 ’
765 1778 848 1844 Hi
872 1783 1063 1845 'suutx

633 1908 686 1976 Ι.
732 1898 1338 1999 Βεηίὶνενςοιιείἐὼ)
1373 1909 1488 1996 [M.
1523 1912 1638 1979 lv.
1666 1919 1767 1977 16.
1809 1909 1988 1975 Iaeek
2017 1909 2106 1975 N.
2128 1913 2348 1993 1089]
2372 1914 2625 1979 membr.

466 2044 592 2092 sec.
627 2026 748 2092 XI.
782 2028 907 2093 foll.
943 2036 1050 2096 69.
1088 2032 1202 2096 col.
1240 2040 1302 2095 1.
1340 2032 1487 2095 linn.
1514 2036 1620 2095 58.
1655 2028 1791 2095 Fol.
1856 2032 2094 2087 Continet
2121 2047 2325 2103 praeter
2353 2018 2631 2093 alia'Nfitt,

468 2130 697 2206 Quaem.
724 2148 944 2199 senem
976 2147 1069 2198 foi.
1093 2144 1130 2198 9
1146 2147 1312 2199 -45.
1381 2148 1643 2198 Lim-1111.
1680 2160 1790 2213 oep.
1822 2142 1903 2195 18.
1935 2143 2119 2210 legitur
2148 2154 2266 2210 post
2287 2156 2405 2212 up.
2438 2144 2524 2197 13.
2554 2147 2630 2198 n·-

467 2243 547 2294 bri
575 2246 661 2296 IV.
730 2249 776 2299 A
803 2246 969 2298 verbis
997 2251 1268 2312 efferuntur,
1299 2250 1536 2311 quaedam
1567 2249 1659 2310 111,
1692 2245 1777 2309 25,
1810 2243 1861 2296 5.
1895 2261 2050 2312 usquo
2080 2243 2147 2297 ad
2179 2246 2265 2309 lv,
2284 2242 2319 2296 2
2350 2262 2426 2297 ex.
2455 2248 2633 2300 omniu

468 2344 684 2396 omittit:
721 2346 905 2398 deinde
937 2347 1046 2398 aliis
1073 2365 1270 2419 quoque
1302 2347 1429 2398 locis
1462 2354 1541 2398 est
1568 2346 1823 2399 mutilatus
1855 2357 1942 2398 aut
1972 2346 2320 2415 interpolatus.
2390 2346 2633 2400 Ceterum

466 2446 741 2497 concordat
773 2464 887 2499 cum
911 2446 1198 2499 Britannico
1234 2430 1479 2500 Gro⁵novii
1516 2448 1677 2516 (Brit.)
1696 2449 1771 2517 **)
1806 2458 1860 2499 et
1888 2447 2158 2515 Nicetiano
2200 2446 2456 2516 Opsopoei
2503 2449 2634 2516 (Ni—

465 2530 590 2613 cot.)
609 2583 623 2609 ‚
675 2530 800 2615 quos
830 2548 1082 2617 inspectos
1108 2548 1275 2616 potius
1308 2548 1489 2599 dixeris
1523 2566 1554 2599 a
1586 2548 1704 2600 viris
1738 2547 1900 2600 doctis
1934 2565 2081 2615 quam
2115 2546 2343 2598 collatos.
2410 2547 2630 2601 Lauda-

464 2642 540 2696 vit
570 2646 862 2715 Opsopoeus
905 2649 1058 2699 etiam
1102 2646 1327 2700 codicem
1370 2647 1727 2707 Memmiauum
1762 2647 2005 2717 (Memm.)
2041 2642 2313 2698 Nicetiano
2353 2654 2629 2714 praestan-

462 2743 647 2796 ἀοι-ειη
689 2762 786 2798 nec
831 2730 1130 2800 dissimilem
1149 2766 1264 2801 meo
1295 2748 1356 2800 E.
1425 2748 1589 2800 Multo
1620 2758 1787 2800 autem
1818 2747 2012 2816 saepius
2044 2744 2299 2814 scripturis
2328 2746 2494 2798 allatis
2531 2766 2633 2801 co—

432 2904 445 2912 ὶ
464 2843 631 2895 dicum
663 2848 866 2900 uomina
899 2832 1127 2900 reticuit:
1160 2860 1270 2901 tum
1299 2847 1475 2917 scripsi
1505 2850 1620 2901 cod.
1653 2854 1773 2918 Ops.
1809 2858 1898 2899 aut
1926 2847 2076 2898 codd.
2108 2848 2225 2914 Ops.
2243 2879 2269 2909 ‚·
2293 2855 2448 2914 prout
2479 2849 2632 2900 unius
2734 2900 2736 2917 ⁴

463 2940 579 2999 libri
607 2957 716 2998 crat
745 2949 990 3018 scriptura
1021 2948 1428 3012 autamb0mm,
1463 2964 1566 3002 non
1599 2949 1821 3001 imitatus
1854 2948 2154 3027 Gruterum,
2187 2946 2272 3014 qui
2303 2947 2427 2998 satis
2462 2948 2636 3001 auda-

464 3052 572 3095 cter
600 3046 710 3113 ipsa
742 3049 946 3102 nomina
977 3050 1233 3102 Nicotiani
1264 3061 1319 3101 et
1351 3050 1643 3102 Memmiani
1674 3047 1945 3100 substituit.
2013 3045 2179 3096 Etiam
2221 3047 2405 3100 Matth.
2421 3048 2631 3100 'Fortu-

461 3144 568 3196 nati
603 3147 754 3200 codd.
793 3151 986 3216 (Fort.)
1023 3153 1341 3203 consentiunt
1372 3152 1665 3219 plerumque
1699 3166 1811 3200 cum
1844 3150 1884 3198 B
1919 3163 2061 3197 meo:
2100 3146 2202 3195 eius
2237 3155 2354 3196 aute
2381 3146 2629 3201 meditio-

460 3260 575 3295 nem
611 3247 765 3314 (apud
791 3250 975 3300 Aldum
1006 3248 1155 3318 1522)
1195 3269 1307 3301 cum
1340 3268 1443 3302 non
1476 3252 1731 3316 haberem,
1766 3246 1963 3298 laudavi
1995 3245 2094 3296 fide
2116 3245 2320 3296 Gruteri
2348 3255 2437 3297 aut
2456 3250 2634 3315 Opso—

460 3344 578 3409 poei
610 3354 761 3417 atque
792 3366 885 3417 per
917 3353 1052 3419 {mun
1083 3350 1273 3402 notavi.
1735 3324 1742 3331 ·

473 3430 479 3475 Ῑ
592 3443 872 3513 Scripturas
906 3444 1092 3500 codicis
1122 3452 1162 3500 B
1194 3469 1224 3500 a
1251 3449 1379 3501 Lud.
1402 3451 1525 3499 Iano
1562 3446 1634 3516 (in
1656 3444 1889 3497 Seebodii
1914 3443 2188 3496 Annalibus
2215 3443 2398 3496 Philol.
2417 3444 2635 3510 XXXI,

462 3544 509 3594 1.
546 3560 598 3611 p.
627 3541 746 3597 261.
777 3549 907 3616 sqq.)
944 3548 1129 3618 passim
1163 3550 1323 3600 editas
1367 3547 1586 3598 indicavi
1630 3562 1724 3612 per
1753 3540 1924 3596 Bamb.
1993 3544 2134 3595 Idem
2165 3544 2245 3596 vir
2287 3543 2488 3596 doctus-
2513 3547 2553 3625 l.
2586 3565 2633 3599 c.

457 3646 722 3713 proposuit
766 3647 961 3716 aliquot
1004 3650 1276 3716 scripturas
1321 3648 1438 3698 libri
1474 3645 1903 3712 wirceburgensis
1922 3682 1937 3709 ,
1988 3644 2342 3712 Bambergeusi
2383 3646 2639 3711 melioris,

456 3753 607 3812 atque
637 3748 835 3819 addidit
865 3766 1009 3800 suum
1042 3749 1107 3800 de
1154 3749 1377 3819 utrisque
1416 3745 1654 3796 iudicium
1669 3784 1685 3808 ‚
1750 3745 1886 3812 quod
1903 3781 1918 3807 ,
1968 3761 2087 3819 cum.
2115 3744 2224 3812 ipse
2260 3745 2638 3799 eruditissimus

454 3845 520 3895 sit
557 3856 609 3896 et
641 3847 693 3897 in
729 3852 948 3901 Senecae
979 3849 1178 3917 scriptis
1212 3847 1425 3898 maxime
1460 3855 1683 3898 versatus
1701 3882 1716 3909 ,
1751 3845 2042 3916 plerumque
2077 3844 2175 3894 fuit
2203 3845 2547 3912 probandum.

555 4006 593 4063 *)
619 4011 672 4055 la.
699 4012 810 4056 Anu.
836 4013 1043 4057 Senecae
1067 4012 1208 4056 Liber
1232 4012 1302 4055 De
1327 4009 1652 4064 Providentia,
1689 4009 1802 4053 Sive
1827 4009 1981 4061 Quare
2005 4007 2147 4053 Bonis
2173 4008 2302 4053 Vitis
2329 4008 2470 4054 Mala
2493 4011 2639 4058 Aeci·

454 4096 589 4149 dunt,
626 4096 742 4140 Cum
766 4096 840 4140 Sit
862 4095 1177 4140 Providentia.
1224 4094 1519 4161 'Recensum
1561 4093 1803 4138 Varietate
1827 4091 2059 4136 Lectionis
2072 4122 2087 4146 ,
2124 4092 2187 4134 Et
2212 4092 2526 4154 annotatione
2553 4095 2637 4138 ln·

452 4179 617 4225 struxit
640 4182 694 4225 B.
721 4183 771 4225 Δ.
798 4160 972 4224 Nautu.
1021 4176 1168 4233 Lugd.
1198 4177 1252 4222 Β.
1279 4178 1398 4222 lu.

527 4250 612 4319 ἰ”)
637 4265 952 4310 Britannicum
976 4261 1160 4306 Erasmi
1175 4292 1192 4316 ‚
1218 4265 1271 4304 ut
1295 4261 1354 4305 ab
1379 4261 1469 4305 hoc
1496 4260 1821 4314 distinguerem
1834 4289 1848 4312 ‚
1873 4252 2107 4313 appellavi
2132 4256 2310 4303 Britan.
2359 4246 2365 4253 ⁴
