2767 4934
489 320 618 386 350
675 320 780 382 Ao
826 319 1207 381 pomum
1254 319 1354 380 DE
1399 317 2000 382 coNsoLATmNE.
2060 321 2453 400 xv111.[24.]

491 489 646 551 ditus
690 498 751 552 et
790 487 1057 588 barbaris
1108 508 1339 573 qnoque
1375 487 1816 553 humanioribus
1863 489 2066 573 grauis
2101 490 2368 555 fremitus
2400 490 2626 554 circum-

486 599 686 654 sonat.

485 728 768 789 quibusdam
803 727 1297 787 animalibus-brutis,
1330 740 1531 787 quorum

485 797 672 857 querela
721 796 968 858 iustificari
1025 796 1209 843 videtur
1256 797 1531 842 auctoritate

489 863 675 910 Galieni
706 867 747 910 el
769 864 1032 911 Aristotilis.
1067 863 1281 911 Secundo
1314 862 1381 909 ibi
1404 864 1446 909 Ν
1459 876 1531 910 on

487 931 787 991 eaeiyuum
821 934 1084 990 tempus.
1133 934 1355 977 naturam
1390 943 1530 976 excu-

485 1001 561 1044 sat
592 998 778 1058 dicens,
816 999 940 1058 quod
973 1001 1156 1057 tempus
1187 999 1311 1044 vitae
1343 1001 1531 1044 nostrae

482 1065 804 1125 quodcumque
851 1066 912 1112 sit
957 1065 1076 1112 illud
1121 1065 1251 1112 nobis
1297 1068 1361 1111 est
1394 1064 1529 1125 susti-

484 1132 609 1180 ciens
649 1133 690 1179 si
715 1133 970 1192 prudenter
984 1133 1280 1191 disponatur,
1313 1131 1396 1178 sed
1416 1133 1529 1190 quia

483 1213 568 1250 nos
617 1201 837 1247 inanibus
885 1199 1089 1259 neyociis
1135 1203 1176 1245 et
1214 1200 1530 1257 voluptatibus

481 1267 641 1314 carnis
673 1268 819 1314 dediti
851 1272 1031 1326 tempus
1070 1269 1278 1314 nostrum
1308 1266 1532 1312 inutiliter

478 1334 722 1393 perdimus
756 1335 1078 1382 brevissimum
1109 1334 1239 1381 nobis
1271 1346 1366 1380 esse
1398 1333 1529 1380 vide-

481 1403 593 1462 tur;
627 1402 685 1448 de
717 1415 807 1461 quo
839 1403 954 1450 dicit
982 1414 1078 1449 esse
1110 1401 1383 1448 mirandum
1416 1402 1531 1460 quia

480 1480 591 1515 cum
623 1481 781 1516 omnes
812 1469 1114 1516 communiter
1145 1469 1202 1515 de
1245 1469 1530 1527 patrimonio

481 1535 575 1581 sint
622 1536 764 1583 avari
813 1549 897 1583 nee
945 1536 1066 1582 illud
1100 1535 1158 1581 de
1207 1535 1342 1595 facili
1388 1535 1531 1582 velint

478 1603 652 1660 partiri
684 1615 790 1649 cum
824 1604 1000 1662 aliquo,
1035 1605 1216 1662 tempus
1248 1614 1387 1648 suum
1421 1615 1528 1648 cum

482 1669 695 1716 omnibus
727 1670 950 1728 facillime
979 1671 1250 1729 partiuntur
1280 1672 1322 1714 et
1354 1669 1527 1715 de-illo

482 1739 591 1783 sunt
636 1737 828 1798 prodiqi
877 1738 1010 1785 cuius
1054 1737 1198 1784 solius
1231 1736 1422 1783 honesta
1462 1739 1528 1783 est

482 1805 705 1851 avaritia.
793 1805 947 1853 Tertia
995 1806 1062 1852 ibi
1115 1805 1342 1851 audiet
1388 1804 1526 1863 ple·

481 1883 711 1931 rosque
754 1872 1063 1920 dicentes.
1131 1875 1263 1919 notat
1295 1871 1527 1931 quosdam

481 1939 564 1997 qui
610 1940 725 1998 reip.
760 1940 962 2001 neyociis
1008 1940 1080 1990 vel
1113 1940 1281 2001 officiis
1324 1939 1527 1998 publicis

479 2007 694 2065 occupati
726 2007 978 2067 disponunt
1009 2008 1169 2068 officia
1201 2011 1310 2054 tunc
1336 2006 1527 2052 demum

477 2073 733 2132 relinquere
766 2088 825 2121 ac
876 2076 927 2122 in
976 2077 1129 2121 ocium
1176 2087 1223 2121 se
1273 2074 1527 2132 transferre

479 2151 587 2185 cum
620 2141 687 2186 ad
734 2144 1009 2188 senectutem
1044 2142 1334 2200 pervenerint
1365 2141 1527 2199 dispo·

477 2208 635 2252 nentes
677 2209 786 2253 lunc
816 2209 966 2254 vitam
999 2220 1139 2256 suom
1185 2208 1387 2266 incipere
1420 2220 1527 2253 cum

477 2272 783 2319 desinendum
834 2276 899 2320 est
954 2275 1123 2321 vivere.
1159 2269 1164 2274 '
1205 2276 1335 2320 notat
1382 2274 1526 2319 etiam

476 2339 706 2398 quosdam
741 2341 821 2400 qui
864 2341 1015 2388 ocium
1052 2341 1372 2388 collaudantes
1403 2340 1526 2387 desi·

478 2406 645 2454 derare
677 2420 725 2455 se
756 2408 919 2456 dicunt
959 2409 1174 2468 publicas
1220 2407 1526 2454 administra-

476 2475 621 2522 tiones
655 2476 861 2524 deserere
909 2477 952 2523 si
999 2477 1282 2536 possibilitas
1315 2474 1452 2521 delur
1482 2477 1524 2522 et

477 2542 593 2588 tales
639 2546 772 2592 erant
821 2546 872 2591 ut
907 2544 1027 2592 alios
1073 2545 1370 2592 mutaverunt
1409 2555 1525 2589 nam

474 2622 583 2658 cum
615 2616 907 2674 erumperent
937 2613 1081 2661 verba
1130 2625 1290 2661 eorum
1327 2611 1524 2671 affectus

1598 726 1664 774 ad
1699 727 2078 775 consuetudinem
2112 742 2255 776 suam
2278 730 2486 791 *finaliter
2514 731 2623 777 labe·

1597 795 1781 842 bar-tur.
1853 795 2029 854 Quarto
2066 797 2134 843 ibi
2184 798 2475 846 Nostram
2516 810 2621 844 me·

1597 862 1864 910 hercule.
1929 863 2043 910 dicit
2074 864 2204 924 quod
2254 866 2355 912 vita
2406 865 2623 913 cuiuslibet

1597 931 2020 990 quantumcumque
2056 932 2118 978 sit
2162 932 2306 992 lonya
2339 932 2531 979 dicenda
2563 934 2620 978 est

1596 997 1748 1043 brevis
1771 1008 1830 1042 ex
1855 1008 1908 1044 eo
1932 998 2057 1056 quod
2088 1012 2178 1058 per
2211 1001 2524 1061 occupationes
2556 998 2621 1044 di·

1595 1075 1757 1110 versas
1803 1064 2026 1112 inutiliter
2073 1066 2281 1125 labitur,
2333 1081 2439 1114 cum
2483 1070 2620 1113 tamen

1596 1132 1853 1177 communis
1892 1132 1951 1178 sit
1997 1136 2225 1180 sententia
2257 1133 2382 1194 quod
2415 1135 2473 1180 ab
2502 1146 2620 1180 occu·

1591 1198 1720 1256 potis
1772 1198 1890 1244 nihil
1937 1204 2086 1258 polest
2136 1202 2311 1248 utiliter
2354 1202 2546 1248 exerceri
2582 1201 2619 1245 et

1594 1264 1741 1310 multo
1758 1265 1916 1313 minus
1931 1268 2136 1315 exerceri
2151 1271 2301 1327 potest
2319 1281 2350 1314 a
2367 1269 2529 1315 talibus
2548 1276 2617 1313 ars

1591 1332 1783 1378 vivendi
1815 1345 1910 1391 qua
1943 1335 2074 1380 nulla
2116 1335 2362 1395 difficilior
2398 1335 2615 1394 reperitur.

1598 1398 1769 1457 Quinto
1803 1400 1867 1445 ibi
1902 1402 2064 1460 quod
2112 1404 2427 1462 proposui
2472 1400 2616 1449 siin

1590 1479 1624 1524 p
1641 1469 1819 1514 artes
1866 1471 1948 1514 etc.
1998 1481 2086 1526 per
2132 1470 2287 1516 locum
2334 1483 2366 1516 a
2415 1468 2616 1516 divisione

1590 1533 1761 1592 probat
1792 1534 1915 1593 quod
1949 1536 2166 1594 occupati
2192 1549 2327 1584 omne
2358 1550 2491 1584 suum
2520 1539 2616 1581 tem·

1590 1613 1683 1660 pus
1731 1602 1953 1649 inutiliter
1991 1604 2202 1661 perdunt
2235 1617 2289 1651 .s.
2320 1604 2614 1663 praeteritum,

1588 1680 1811 1725 praesens
1844 1672 1885 1715 et
1917 1669 2147 1729 futurum.
2209 1674 2251 1717 et
2286 1672 2489 1719 declarat
2516 1680 2615 1728 quos

1590 1734 1805 1795 intelliyit
1835 1740 2086 1796 occupatos
2120 1741 2164 1786 et
2186 1752 2302 1798 quos
2329 1740 2512 1786 ociosos.
2541 1735 2613 1783 Se·

1591 1801 1750 1848 cunda
1779 1816 1897 1861 pars
1929 1805 2254 1853 subdividitur
2285 1806 2336 1853 in
2368 1809 2456 1853 tres
2481 1802 2614 1863 parti-

1592 1869 1737 1916 culas.
1790 1870 1844 1917 In
1873 1872 2035 1930 prima
2062 1874 2303 1931 querelam
2321 1873 2506 1921 Paulini
2526 1869 2614 1930 {ra-

1590 1937 1675 1982 tris
1707 1938 1783 1984 sui
1815 1942 1977 1985 eontra
2008 1940 2253 1998 fortunam
2284 1943 2513 2001 exayerat.
2566 1937 2612 1984 In

1592 2004 1801 2051 secunda
1849 2005 1915 2052 ibi
1962 2007 2248 2056 Proinde
2293 2015 2611 2067 parcamus

1588 2073 1807 2130 proponit
1855 2072 2010 2121 deesse
2056 2076 2270 2123 remedia
2317 2071 2612 2123 consolationis

1590 2138 1644 2185 in
1676 2140 1815 2186 tertia
1847 2140 1913 2187 ibi
1945 2141 2295 2202 Numquam
2340 2155 2443 2203 ego
2477 2151 2609 2199 pro·

1591 2204 1621 2252 h
1636 2206 1653 2250 i
1671 2206 1697 2250 b
1712 2209 1790 2252 eo'.
1824 2208 2053 2256 concludit
2075 2223 2170 2260 non
2203 2222 2298 2257 esse
2325 2210 2610 2269 penituspro·

1591 2271 1843 2320 hibendum
1891 2288 1948 2322 ne
1999 2277 2105 2335 quis
2139 2279 2198 2325 de
2240 2281 2383 2324 morte
2428 2276 2609 2337 fratrum

1590 2338 1663 2385 vel
1697 2341 1956 2389 amicorum
1982 2344 2094 2404 fleat
2126 2347 2201 2393 vel
2220 2346 2402 2404 doleat,
2434 2342 2509 2390 sed
2545 2338 2607 2385 di-

1591 2405 1652 2452 cit
1686 2419 1793 2453 cum
1822 2409 2144 2460 moderatione
2175 2412 2422 2460 dolendum
2452 2411 2491 2456 et
2518 2417 2608 2455 eum

1590 2472 1640 2520 in
1675 2474 1831 2522 dolore
1866 2467 2058 2524 modum
2106 2493 2204 2529 esse
2236 2478 2507 2528 servandum
2537 2471 2605 2533 qui

1592 2553 1673 2589 nec
1705 2542 1988 2603 impietatem
2020 2559 2104 2596 nec
2148 2548 2385 2597 insaniam
2414 2544 2607 2593 imitetur·
