2767 4934
813 1067 948 1134 AD

1022 1065 1560 1137 SERENUM

126 1221 287 1297 NEC
342 1221 789 1295 INIURIAM
840 1223 1015 1294 NEC
1070 1222 1750 1296 CONTUMELIAM
1802 1222 2247 1298 ACCIPERE

920 1340 1460 1416 SAPIENTEM.

260 1591 314 1659 I.
387 1593 652 1658 Tantum
698 1594 858 1658 inter
893 1591 1167 1676 StoieoS,

1217 1593 1488 1677 Serene,
1536 1605 1598 1660 et
1637 1606 1871 1661 ceteros
1913 1595 2261 1683 sapientiam

106 1697 403 1778 professos
427 1695 724 1759 interesse
751 1707 1029 1780 quantum
1057 1697 1217 1762 inter
1247 1697 1500 1762 feminas
1527 1706 1589 1760 et
1611 1718 1808 1761 mares
1839 1718 1957 1761 non
1987 1698 2263 1762 inmerito

113 1796 396 1875 dixerim,
437 1819 568 1860 cum
600 1807 848 1881 utraque
876 1797 1041 1861 turba
1073 1799 1147 1861 ad
1173 1798 1330 1863 uitae
1360 1799 1707 1863 societatem
1737 1797 2093 1861 tantumdem
2121 1819 2263 1860 con-

114 1897 295 1977 ferat,
338 1898 441 1961 sed
470 1899 658 1961 altera
687 1920 822 1982 pars
853 1899 925 1961 ad
962 1899 1436 1984 obsequendum,
1483 1899 1671 1961 altera
1703 1896 1952 1981 imperio
1984 1907 2119 1959 nata
2153 1897 2255 1961 sit.

110 1993 302 2062 Ceteri
340 2000 648 2084 sapientes
690 2000 943 2063 molliter
984 2011 1046 2065 et
1087 2000 1335 2080 blande,
1391 2009 1459 2061 ut
1490 2000 1618 2061 fere
1653 1994 1962 2060 domestici
2000 2007 2061 2060 et
2095 1998 2260 2061 fami-

108 2180 115 2185 .
165 2135 237 2191 Ad
267 2137 508 2185 samm
535 2149 620 2185 nec
663 2137 893 2184 iniuriam
922 2149 1007 2186 nec
1040 2149 1153 2186 con·

110 2203 338 2252 tumeliam
382 2204 592 2263 accipere
626 2205 883 2263 sapientem
896 2224 964 2245 =
987 2206 1047 2252 A.

28 2254 29 2291 Ὗ
111 2268 392 2320 V=Lucii
420 2272 563 2319 annei
595 2272 765 2319 Senece
808 2273 1152 2321 corduben-

113 2338 205 2386 sis.
276 2339 467 2399 Quod
500 2340 568 2386 in
602 2340 873 2398 Sapientem
903 2353 1023 2388 non
1056 2351 1152 2387 ca-

113 2404 194 2453 dit
223 2408 335 2455 ira
374 2419 576 2466 neque
609 2407 887 2454 contumelia
929 2408 1043 2455 liber
1074 2407 1153 2455 In·

116 2473 213 2533 cipit
255 2475 323 2522 ad
388 2473 629 2521 Soeermni.
698 2473 1011 2522 B=Liber
1054 2486 1153 2522 se-

30 2584 31 2587 ,
114 2542 352 2589 cundus
407 2542 550 2588 annei
593 2542 762 2588 Senece
814 2541 881 2589 ad
930 2542 1155 2589 Serenum

112 2609 414 2666 quomodo
462 2609 529 2655 in
570 2604 838 2668 'Sapientem
883 2621 996 2656 nec
1028 2608 1156 2656 iniu-

115 2676 182 2734 ria
225 2690 342 2725 nec
399 2677 678 2722 contumelia
728 2676 921 2724 cadit.
1005 2673 1156 2723 G==

118 2741 309 2801 Explicit
340 2744 464 2790 tiber
486 2744 671 2801 pn’mus
702 2744 770 2790 ad
800 2745 1029 2791 lucilium.
1077 2743 1157 2792 In-

118 2809 219 2868 cipit
263 2811 390 2857 tiber
438 2810 761 2858 secundus
809 2810 876 2857 ad
930 2811 1158 2858 Serenum

118 2876 426 2934 quomodo
465 2877 527 2924 in
560 2878 828 2937 Sapientem
860 2891 944 2925 nec
975 2878 1155 2925 iniuria

118 2955 193 2990 nec
235 2945 522 2993 contumelia
570 2945 771 2992 cadit.
842 2945 903 2992 ln
951 2941 1153 2991 summis

119 3007 298 3073 paginis
333 3011 380 3057 B
413 3018 466 3057 et
501 3010 547 3058 G
579 3009 714 3058 hunc
760 3009 943 3059 librum
990 3025 1154 3061 secun·

122 3076 231 3123 dum
276 3080 355 3127 de.
382 3079 690 3126 Providentia
735 3076 922 3127 dicunt.
1004 3079 1052 3127 D
1082 3099 1154 3120 =

128 3139 260 3201 Aine„
318 3147 428 3193 lucii
490 3147 934 3195 cordubensis
998 3159 1153 3195 senece

132 3213 425 3267 quomodo
456 3215 523 3261 in
557 3215 775 3274 sapiente
805 3228 925 3263 non
967 3215 1153 3263 cadit

131 3275 295 3325 num-ia
340 3293 422 3328 nec
468 3283 764 3329 contumelia.
829 3283 995 3342 Incipit
1040 3283 1155 3329 liber

124 3347 437 3396 secundus
486 3348 559 3396 de
605 3350 1033 3408 providentia
1077 3349 1153 3396 Ad

125 3409 357 3462 Serenum.
405 3415 711 3475 E=Incipit
741 3417 1066 3465 secundus
1087 3415 1155 3462 ad

122 3489 323 3529 mamm
384 3484 700 3542 quomodo
761 3484 828 3530 in
897 3485 1157 3544 sapientem

124 3557 233 3594 non
277 3550 460 3598 cadit
503 3550 687 3598 iniuria
731 3564 815 3597 nec
859 3551 1155 3599 contumelia.

32 3668 33 3671 ,
126 3609 269 3678 Bong-
302 3637 377 3658 =
409 3616 734 3676 Quomodo
783 3619 849 3665 in
881 3619 1155 3678 sapien-

128 3681 232 3730 tem
259 3696 347 3732 nec
376 3684 557 3732 iniuria
601 3698 688 3732 nec
719 3686 1000 3733 contmnelia
1045 3697 1155 3732 ca·

125 3745 241 3797 dat.
324 3746 429 3798 1²2.
463 3771 531 3792 =
564 3751 733 3810 Incipit
793 3751 1153 3801 Secundus.

127 3818 423 3872 quomodo
482 3819 739 3878 sapiens
786 3833 871 3868 nec
915 3821 981 3867 in
1028 3820 1156 3867 iniu-

126 3882 238 3931 riam
269 3885 469 3933 cadit.
537 3882 896 3947 P3.=Incipit
926 3899 1157 3934 secun·

132 3946 249 3998 dus.
317 3953 485 4012 quod
517 3954 694 4002 iniuria
725 3954 828 4001 vel
879 3953 1155 4002 contumelia

130 4027 233 4064 non
263 4020 505 4068 cadunt
538 4020 601 4067 in
632 4022 903 4081 sapientem.
973 4015 1185 4083 Ρ4.------ι

128 4080 283 4144 Incipit
316 4088 637 4135 secundus
683 4088 757 4135 de
800 4088 1158 4136 Providen-

133 4149 231 4197 tia.
279 4155 585 4213 quomodo
617 4156 680 4202 in
711 4156 968 4215 sapientem
985 4156 1160 4204 necin·

135 4214 249 4266 itnia
276 4232 361 4268 nec
386 4223 669 4270 coritiumlia
699 4236 724 4271 c
741 4223 899 4270 adit.
971 4219 1162 4270 Col.=

34 4290 35 4335 1
135 4281 291 4346 Incipit
318 4288 434 4337 tiber
465 4289 523 4336 L.
542 4290 724 4338 Annaei
755 4290 990 4339 Senecae:
1023 4302 1163 4352 quo-

227 4363 431 4411 Seneeae
457 4378 530 4423 op.
555 4367 629 4413 ed.
654 4368 841 4413 Fickert
865 4368 946 4413 nt.

1216 2137 1402 2185 modo
1451 2136 1516 2184 in
1564 2135 1821 2196 ωρίεηταη
1849 2146 1936 2183 nec
1966 2134 2144 2185 inita-ia
2175 2149 2260 2185 nee

1217 2205 1500 2254 contumelia
1529 2204 1680 2251 cadi
1696 2206 1728 2250 t.
1787 2203 2160 2263 Ort.=1ncipit
2189 2205 2260 2251 li-

1218 2274 1430 2320 bellus
1450 2271 1651 2319 Senecae
1678 2270 1752 2318 de
1780 2272 2164 2319 constantia
2190 2284 2260 2318 a·

1217 2339 1374 2388 nimi
1420 2339 1746 2398 sapientis
1789 2338 1958 2397 viri,
2022 2338 2088 2385 ad
2124 2339 2259 2385 Sere-

1215 2420 1346 2456 num·
1416 2405 1502 2457 mo
1522 2438 1575 2457 οι
1595 2402 1694 2458 ΕΙ.
1725 2425 1796 2446 =
1827 2405 1966 2452 Lucii
1994 2406 2143 2452 Annei
2173 2406 2259 2453 SC·

1216 2487 1358 2523 necae
1390 2473 1465 2521 Ad
1499 2473 1725 2521 Serenum
1750 2472 1890 2519 Liber
1921 2471 2260 2519 Secundus

1221 2540 1542 2606 Quomodo
1576 2540 1637 2587 In
1670 2539 1939 2598 Sapientem
1971 2539 2105 2584 Non
2141 2539 2260 2583 Ca·

1220 2610 1313 2657 dit
1346 2608 1545 2657 Iniuria.
1616 2604 1711 2659 εἳ,
1730 2625 1798 2647 -=
1827 2605 1965 2652 Lucii
1997 2605 2145 2652 Annei
2173 2600 2258 2651 Se-

1219 2689 1361 2724 necae
1413 2675 1489 2722 Ad
1533 2674 1762 2722 Serenum
1819 2673 1960 2720 Liber
2009 2672 2258 2720 Secun-

1219 2744 1353 2790 dus.
1423 2739 2256 2793 G...⁵)R=LuciiAnnaeiSene-

1220 2823 1304 2859 cae
1355 2810 1430 2858 Ad
1481 2809 1707 2856 Serenum
1752 2808 1894 2856 Liber
1925 2807 1999 2855 II.
2087 2806 2258 2866 Quod

1220 2878 1289 2926 In
1338 2877 1608 2937 Sapientem
1660 2878 1788 2931 Non
1842 2875 2035 2923 Cadit
2077 2875 2260 2922 Iniuria

1222 2944 1312 3008 (w
1337 2944 1552 2991 -Liber
1579 2940 1676 3006 ιιι).
1728 2942 2146 2995 ἓοοοῢϊο--ιο
2165 2941 2259 2988 An·

1216 3013 1327 3061 naci
1368 3013 1572 3059 Senecae
1605 3012 1683 3058 De
1717 3010 2101 3058 Constantia
2151 3008 2259 3055 Sa·

1214 3080 1466 3140 pientis
1499 3078 1632 3124 sive
1667 3076 1844 3136 Quod
1891 3077 1961 3123 In
1994 3075 2262 3133 Sapientem

1218 3149 1262 3195 Ν
1274 3159 1347 3193 οη
1387 3143 1579 3192 Cadit
1613 3143 1811 3190 Iniuria.
1864 3138 1942 3187 cui
1973 3138 2121 3186 titulo
2147 3137 2257 3189 ffil.

1219 3211 1269 3261 2.
1285 3212 1367 3263 80
1383 3207 1537 3256 etiam
1567 3205 1808 3256 adiiciunt
1840 3207 1979 3254 Liber
1999 3206 2144 3265 Unus,
2172 3203 2258 3256 {Ru

1218 3281 1358 3328 Liber
1378 3278 1507 3326 Unus
1532 3277 1608 3324 Ad
1637 3277 1881 3325 Annaeum
1898 3274 2140 3322 Serenuni.
2172 3267 2261 3318 Fi-

1219 3344 1423 3395 scherus
1450 3342 1635 3392 voluit:
1668 3344 1727 3391 ·L.
1753 3343 1935 3392 Annaei
1965 3341 2166 3390 Senecae
2195 3339 2263 3387 De

1226 3414 1611 3463 Constantia
1692 3410 2031 3472 Sapientis
2110 3409 2264 3456 Liber.

1221 3478 1361 3530 Pina.
1395 3478 1569 3528 scribit
1611 3475 1990 3527 correctioribus
2024 3491 2134 3524 cxx.
2166 3472 2263 3522 ab-

1222 3563 1331 3596 esse
1362 3544 1488 3594 illud
1529 3547 1775 3596 secundus.
1846 3543 2076 3592 Ceterum
2111 3539 2260 3590 codd.

1220 3613 1340 3663 msti
1392 3629 1563 3662 omnes
1616 3611 1870 3662 collocant
1917 3610 2051 3659 hunc
2082 3607 2263 3657 librum

1219 3690 1340 3760 post
1371 3696 1515 3742 eum,
1571 3679 1657 3746 qui
1704 3679 1837 3729 solet
1869 3679 1929 3727 de
1961 3676 2266 3727 Providentia

1220 3747 1422 3798 mscribi
1440 3783 1457 3807 ,
1520 3745 1748 3814 impressi
1797 3752 1918 3812 post
1976 3742 2159 3792 librum
2204 3742 2263 3790 de

1223 3819 1592 3878 Tranquillitate.

1646 3930 1767 3997 Gap.
1801 3929 1846 3983 Ι.

1294 4015 1527 4083 6(οι·.ω)
1547 4036 1615 4058 =
1632 4017 1891 4077 sapientia
1920 4016 2052 4078 prof.
2101 4014 2152 4066 31
2171 4047 2186 4066 .
2209 4046 2226 4064 .
2247 4046 2262 4066 t

1224 4087 1277 4139 Β
1311 4106 1382 4127 ==
1410 4085 1593 4146 profess
1603 4086 1637 4132 i.
1725 4082 1871 4132 Rom.
1905 4081 2048 4133 Anio.
2072 4108 2139 4119 —
2160 4086 2267 4131 tan-

1223 4153 1448 4202 tumdem.
1483 4151 1665 4218 probat
1679 4150 1887 4201 Dalech.
1932 4151 2008 4200 sG
2026 4157 2080 4210 -Ι-
2103 4165 2133 4212 q
2148 4162 2227 4197 ua
2243 4161 2268 4197 e

1227 4221 1311 4270 sed
1342 4221 1496 4270 altera
1524 4230 1657 4281 pars.
1722 4214 1813 4269 1³4.
1838 4224 1985 4279 -t-ac
2035 4221 2092 4269 si
2122 4220 2273 4265 attera

1430 4287 1516 4342 mo
1536 4287 1662 4342 σιω
1686 4291 1739 4347 ¹⁴¹·
1762 4291 1820 4337 Gt
1849 4288 2049 4337 mou-‘08‘
2096 4290 2274 4334 Contra

1802 4355 1846 4420 3

1224 4301 1358 4350 pars.
