2767 4934
542 349 787 410 LUDUS
833 349 933 410 DE
976 343 1232 409 MORTE
1276 346 1603 409 CLAUDII.
1691 349 1791 408 XI.
2120 348 2243 415 735

100 538 422 602 quemquam
452 538 536 580 ex
565 516 656 580 his
683 537 831 600 quos
863 535 1126 600 quasque
1154 514 1445 594 occidisti,
1487 526 1800 600 antequam
1831 516 1906 579 de
1934 535 2114 580 causa
2145 537 2246 581 eo·
2290 545 2298 556 ·

100 639 442 702 ἔποπα-οε,
489 628 799 701 antequam
831 617 1105 696 audires,
1152 617 1479 681 damnasti?
1520 617 1632 680 hoc
1662 617 1758 681 ubi
1790 616 1919 681 fieri
1950 618 2142 681 solet?
2184 619 2246 682 iu

16 715 17 802 {
102 721 253 786 coelo
295 742 414 784 non
460 720 545 783 [it.
632 717 755 784 XI.
801 718 966 785 Ecce
990 716 1217 804 Iupiter
1244 719 1341 802 qui
1372 728 1465 782 tot
1490 738 1681 781 annos
1719 728 1934 804 reg-nat
1965 718 2067 783 uni
2103 716 2247 783 Uol-

16 819 17 866 ³
103 841 235 888 cano
275 822 414 886 erus
459 820 637 905 fregit
676 841 851 904 qoem

16 907 19 994 F
390 916 565 1000 ‘Piipc
605 917 801 995 ποδός
842 917 1101 1004 τεταγών
1143 915 1263 984 cinti
1307 922 1496 1001 βηλοῦ
1535 922 1894 984 θεσπεσίοιο.

16 1029 17 1098 j
102 1033 155 1087 et
182 1023 363 1091 iratus
406 1023 519 1087 suit
560 1024 738 1088 uxori
782 1033 842 1087 et
883 1024 1191 1109 suspendit
1232 1023 1427 1087 illamz
1488 1023 1768 1106 numquid
1809 1022 2064 1087 occidit?
2149 1023 2251 1090 Tu

99 1120 471 1190 Messalinam
502 1124 670 1188 cuius
703 1145 889 1208 aeque
924 1126 1249 1189 auuncuios
1278 1125 1469 1189 maior
1496 1145 1658 1189 eram
1704 1145 1874 1209 quam
1916 1134 2052 1189 tuus
2094 1126 2253 1189 occi-

102 1225 245 1291 disti.
333 1224 597 1305 Nescio,
644 1226 877 1310 inquis?
962 1224 1043 1290 Di
1071 1226 1175 1289 tibi
1207 1226 1613 1290 malefaciantt
1659 1226 1809 1289 adeo
1840 1226 1993 1290 istuc
2024 1228 2255 1311 turpius

101 1336 216 1404 est,
275 1327 428 1410 qnod
473 1325 716 1390 nescisti
753 1348 925 1409 quam
957 1328 1109 1411 quod
1149 1326 1440 1390 occidisti.
1515 1322 1607 1389 ·C.
1643 1322 1969 1390 Caesarem
2001 1347 2121 1389 non
2151 1326 2253 1389 de·-

103 1426 192 1491 siit
215 1438 507 1494 mortuum
537 1428 834 1512 persequi.
925 1423 1241 1491 Occiderat
1262 1427 1360 1490 ille
1388 1448 1684 1505 socerum,
1734 1427 1827 1489 hic
1851 1436 1914 1491 et
1938 1447 2247 1512 generum.
2274 1452 2303 1494 ⁴2

103 1523 277 1595 (laius
307 1525 540 1594 Caesar
571 1525 780 1593 Crassi
825 1527 1002 1591 fllium
1048 1529 1236 1592 uetuit
1263 1527 1552 1612 Magnum
1595 1528 1837 1593 uocari:
1902 1528 1996 1593 hic
2037 1549 2256 1594 nomen

101 1626 177 1694 illi
210 1630 501 1708 reddidit,
561 1640 734 1714 capnt
776 1629 926 1693 tulit.
1029 1625 1263 1693 Occidit
1305 1629 1365 1692 in
1412 1650 1527 1693 una
1571 1630 1744 1693 domo
1789 1626 2076 1695 Crassum
2118 1627 2257 1695 Ma-

100 1751 303 1813 gnum,
351 1730 765 1810 Scriboniam,
807 1721 1243 1809 Tristiouiam,
1275 1729 1703 1810 Assarionem‚
1750 1731 1979 1795 nobiles
2016 1743 2255 1797 tamena

104 1827 379 1897 Crassum
415 1852 558 1895 uero
592 1843 705 1894 tam
738 1834 958 1895 fatuum
981 1880 998 1910 ‚
1048 1843 1111 1895 ut
1143 1832 1317 1895 etiam
1349 1852 1605 1916 regnare
1636 1840 1859 1917 posset.
1950 1828 2256 1916 Cogitate,

101 1928 166 1994 Ρ.
209 1931 283 1997 C.
334 1932 502 2017 quale
546 1944 880 2018 portentum
925 1933 986 1996 iu
1032 1953 1335 1997 numerum
1381 1935 1624 1996 deorum
1677 1953 1744 1997 se
1797 1931 1981 2016 recipi
2036 1931 2253 2017 cupiat.

103 2030 264 2099 Hunc
298 2055 457 2100 nunc
502 2034 675 2099 deum
722 2036 920 2097 facere
966 2035 1183 2097 uultis?
1266 2032 1478 2098 Uidete
1518 2055 1731 2119 corpus
1780 2034 1909 2097 eius
1951 2034 2042 2097 dis
2091 2033 2261 2097 iratis

105 2146 315 2202 natum.
408 2133 504 2200 Ad
543 2156 827 2200 summam
861 2135 975 2198 tria
1012 2136 1193 2199 uerba
1227 2136 1344 2199 cito
1377 2136 1535 2199 dicat
1565 2146 1626 2199 et
1659 2156 1896 2199 seruum
1930 2155 2025 2198 mc
2061 2134 2258 2202 ducat.

24 3745 29 3826 Ι

101 2282 155 2317 sa
176 2277 294 2321 certe
326 2274 380 2320 in
412 2276 510 2318 tua.
584 2270 672 2324 GOE
689 2307 703 2323 .
722 2305 738 2322 .
756 2306 772 2324 .
790 2269 894 2325 ξδ’).
911 2293 983 2314 =
1005 2273 1140 2320 Vide-

1275 2274 1402 2334 quod
1434 2273 1666 2321 nescisti
1682 2293 1750 2314 =
1770 2272 1821 2319 S.
1923 2270 2258 2333 V-——turpius

102 2339 371 2401 rislupiter,
407 2351 471 2387 an
506 2340 556 2389 in
588 2352 737 2389 causa
764 2340 914 2400 mata,
948 2344 1065 2388 certe
1091 2342 1142 2388 in
1210 2345 1275 2390 est
1323 2341 1450 2401 quod
1499 2342 1679 2388 nesti.
1764 2337 1811 2387 G
1831 2337 2156 2394 §1000220
2185 2359 2262 2384 -π

105 2407 199 2465 tua,
230 2409 280 2455 si
316 2406 878 2469 hic[ffluffi2.=tua!
916 2409 981 2455 Si
1014 2407 1138 2469 hic]

103 2472 271 2521 inter
323 2485 436 2522 nos
486 2474 673 2534 futurus
723 2478 828 2523 est.
898 2476 984 2524 Dic
1029 2475 1145 2522 mihi

1209 2409 1335 2469 quod
1367 2421 1449 2455 nes
1465 2421 1489 2455 c
1505 2408 1520 2454 i
1536 2420 1575 2454 s.

1282 2476 1333 2523 G.
1374 2476 1622 2538 Caesarem
1652 2495 1721 2517 ==
1754 2473 1852 2522 VS.
1958 2472 2005 2520 G
2043 2478 2096 2528 -Ι-
2132 2474 2260 2522 Illa

108 2537 212 2601 (8111
230 2539 334 2593 §1320
365 2561 433 2583 ===
468 2542 658 2603 futurus
704 2545 829 2601 est,
880 2542 957 2589 dic
991 2543 1144 2592 milii).
1215 2545 1270 2591 G.
1310 2543 1573 2590 Caesarem.
1644 2540 1817 2595 (ΕΒ...
1837 2539 1942 2595 9132.
1968 2545 2021 2599 -Ι-
2048 2542 2177 2590 Iste
2206 2541 2261 2590 C.

106 2604 262 2656 Gron.
301 2604 361 2655 ci.
394 2630 464 2651 ==
504 2610 682 2658 Videris
727 2610 930 2669 Iupiter,
983 2621 1049 2657 an
1095 2610 1147 2657 in
1215 2613 1484 2659 Gaesarem.

105 2685 251 2721 causa
280 2678 432 2737 mala,
463 2681 581 2724 certe
612 2678 664 2724 in
696 2680 796 2725 tua.
845 2677 870 2725 1
880 2690 904 2723 s
935 2676 1031 2725 hic
1062 2677 1149 2724 in·

110 2742 195 2789 ter
226 2756 335 2791 nos
369 2744 558 2805 ficturus
590 2745 725 2792 est?
794 2744 882 2792 Dic
913 2745 1044 2792 inihi.
1103 2742 1148 2790 G

108 2808 241 2857 =de
276 2824 427 2858 causa
459 2824 775 2870 agnosceres.
844 2810 890 2861 V
913 2832 981 2853 ==
1012 2813 1153 2860 dam·

109 2877 287 2933 pnasti.

165 2943 251 2991 hoc
283 2943 394 2990 ubi
439 2941 544 3002 fieri
575 2942 769 2988 sotet=
790 2942 839 2988 S.

112 3040 187 3064 ..ο
206 3008 320 3061 ffi‘l.
349 3033 419 3041 —-
445 3008 524 3054 ubi
562 3005 765 3071 (partim
813 3005 1150 3071 distinguunt:

109 3077 208 3124 solet
242 3077 296 3124 in
331 3074 497 3124 coelo?
532 3076 634 3123 Non
665 3073 755 3138 fit).
827 3072 950 3122 Cod.
973 3071 1154 3121 Curio-

109 3140 335 3191 nis==in
367 3142 494 3190 coelo
521 3155 613 3189 non
648 3142 758 3192 sic.
833 3138 981 3189 Curio
1011 3140 1154 3190 ci.===

111 3209 198 3260 Hoc
235 3211 343 3273 fieri
375 3210 505 3269 solet,
537 3210 773 3270 inquis.
824 3210 879 3262 ln
911 3211 1034 3262 coelo
1061 3224 1157 3260 non

110 3278 189 3328 sic
228 3275 314 3327 vel
347 3290 440 3328 non
473 3278 542 3339 tit.

505 3391 626 3459 Cap.
663 3394 758 3444 XI.

172 3478 218 3527 V
251 3476 371 3528 cod.
403 3476 614 3526 Iunii=
633 3484 904 3539 regnatum
940 3481 1160 3528 Vulcano.

114 3543 271 3594 Iunius
305 3542 369 3597 ci.
403 3566 471 3588 τε·
499 3547 615 3595 Ecce
658 3547 865 3609 Iupiter,
916 3549 1064 3607 quoi
1097 3550 1159 3595 tot

113 3624 257 3662 annos
292 3617 572 3674 regnatum,
629 3614 850 3661 Vulcano.
923 3615 1160 3662 Volcano

115 3678 203 3727 scri
238 3679 283 3729 si
314 3696 426 3729 cum
445 3680 494 3727 S.
556 3677 1161 3730 V=P1YETTIOAG-

117 3741 209 3798 TE
264 3743 1157 3798 ΑΤΩΝΔΤΙΟΒΗΛΥΘΕΤΟΤΟ.

119 3809 160 3859 G
194 3812 390 3866 omittit
440 3813 631 3864 Graeca
648 3849 663 3874 ‚
720 3812 810 3862 sed
864 3830 1034 3864 eorum
1082 3831 1161 3863 se-

117 3876 228 3929 dem
256 3897 466 3930 vacuam
495 3889 678 3930 servat.
727 3880 907 3934 &lc-:-
922 3883 1078 3944 freyit,
1108 3886 1164 3929 et

115 3947 175 3994 in
224 3950 498 3997 Lemnon
546 3950 719 3999 coelo
767 3949 1165 4008 deturbavit,

117 4027 234 4064 non
285 4016 591 4066 extinxit.
656 4016 814 4064 Iratus
845 4016 948 4078 suit.
1016 4015 1160 4063 Vei-s.

117 4078 267 4131 Hom.
301 4080 363 4132 It.
400 4098 462 4142 α,
500 4076 617 4130 591.
707 4080 754 4132 G
783 4102 850 4126 ει
883 4083 1018 4132 cuius
1051 4094 1163 4143 eyo

117 4151 397 4199 avunculus.
469 4148 694 4198 G===tibi
720 4150 869 4211 saciat
902 4164 1000 4198 om.
1023 4150 1163 4196 mole.

179 4217 303 4266 adeo
335 4218 396 4266 m
411 4230 480 4265 uc
503 4238 573 4260 ἓξ
593 4217 646 4267 So
748 4215 846 4268 VG'
865 4213 960 4270 &¹0
979 4248 1038 4270 οι.
1057 4213 1164 4269 &20

118 4284 322 4334 taddeo
354 4284 521 4333 istud.

1217 2781 1276 2799 ...
1294 2743 1399 2797 §32

1280 2677 1531 2739 persequi
1574 2696 1644 2718 ==
1678 2677 1712 2725 S
1748 2673 1861 2725 cod.
1895 2672 2120 2728 Curionis
2153 2674 2260 2729 (Sto

1502 2743 1596 2791 VG
1617 2744 1711 2797 &L
1730 2778 1790 2798 ...
1809 2738 1896 2797 24.
1910 2757 2104 2805 =pro
2118 2744 2264 2804 sequi.

1284 2810 1335 2860 2.
1375 2811 1420 2859 G
1439 2832 1508 2853 =
1529 2815 1585 2860 G.
1627 2813 1821 2874 Caesar,
1855 2818 1911 2860 ut
1939 2810 2091 2862 solet.
2142 2812 2176 2860 S
2200 2835 2264 2851 σ-

1223 2883 1418 2936 Caesar,
1452 2877 1587 2942 quod
1621 2880 1783 2942 probo
1825 2878 1950 2929 fere.
2021 2881 2054 2927 S
2074 2900 2141 2922 ===
2163 2879 2265 2928 Tri-

942 2941 1036 2989 VG
1056 2941 1122 2994 (ΕΙ
1135 2977 1151 2994 .
1217 2947 1355 2992 stioni
1368 2957 1401 2989 a
1414 2957 1453 2990 s.
1506 2944 1550 2989 G
1564 2965 1634 2987 =
1654 2948 1774 2994 Tris!
1789 2949 1805 2994 i
1819 2961 1866 2994 m
1880 2949 2060 2993 oniam.
2117 2945 2262 3006 V(cr.

1227 3011 1314 3069 ω)
1331 3029 1399 3050 ·---·
1429 3011 1742 3059 Tristionias.
1791 3009 1887 3064 ΕΙ.
1907 3043 1967 3064 ...
1985 3012 2037 3063 Θ
2052 3031 2121 3053 ===
2135 3012 2265 3059 Scri-

1220 3077 1445 3134 boniam,
1491 3076 1933 3136 Bassianiam,
1967 3079 2265 3126 Assarionem

1226 3141 1426 3210 (Ql.==
1457 3141 1763 3203 Assarion).
1831 3141 1929 3191 VG
1954 3170 2025 3181 --
2059 3144 2266 3204 Cogitate

1226 3246 1239 3259 ι
1263 3246 1276 3259 ι
1294 3243 1307 3256 ο
1340 3211 1518 3270 captu!-
1572 3207 1667 3262 Qlo
1688 3243 1746 3261 σοι
1765 3208 1816 3261 Θ
1849 3208 1926 3256 his
1962 3217 2262 3258 anneot-unt:

1221 3278 1466 3337 Principes
1491 3277 1662 3338 pietate
1712 3280 1754 3324 et
1803 3278 1981 3325 iustitia
2013 3277 2084 3324 dii
2132 3277 2267 3338 flunt.

1224 3346 1408 3398 Scilicet
1451 3345 1526 3392 hic
1568 3345 1680 3404 pius
1729 3348 1772 3392 et
1816 3343 1998 3404 iustus,
2043 3346 2269 3403 quoniam

1222 3413 1531 3472 Druydarum
1545 3412 1757 3474 perfidae
1777 3413 1926 3473 flentis
1944 3412 2154 3462 Gallica·
2176 3413 2268 3462 im·

1225 3493 1414 3528 manem
1457 3480 1727 3540 reli9ionem
1744 3513 1761 3539 ,
1813 3492 1846 3527 a
1876 3492 1974 3540 qua
2005 3480 2129 3527 cives
2157 3479 2266 3527 sub-

1223 3559 1494 3606 moveram,
1538 3560 1734 3606 prorsus
1764 3547 2046 3607 extirpavit,
2090 3550 2144 3594 ut
2175 3546 2268 3596 Ro·

1224 3627 1333 3663 mae
1360 3616 1640 3673 nuptiarum
1686 3627 1827 3662 sacra
1873 3617 2048 3672 essent,
2104 3614 2271 3674 quibus

1223 3684 1341 3744 ipse,
1365 3695 1474 3729 cum
1507 3683 1596 3730 sibi
1609 3683 1870 3741 Ayrippina
1891 3682 2095 3740 nuberet,
2115 3680 2268 3727 XXX.
2328 3716 2339 3726 .

1228 3750 1531 3799 Senator-ibus
1582 3749 1835 3798 innumeris
1875 3749 1961 3807 Eq.
1996 3747 2129 3796 Rom.
2162 3758 2271 3796 ma·

1226 3817 1381 3876 etatis,
1412 3818 1697 3876 principium
1722 3815 1866 3863 dedit.
1899 3810 2101 3878 quaein
2131 3809 2271 3862 mstis

1228 3896 1329 3929 non
1363 3879 1613 3945 leguntur.
1678 3882 1898 3929 V=Ad
1930 3893 2131 3929 summa
2178 3882 2272 3929 tria

1226 3950 1400 3997 verbm·
1458 3949 1504 3997 G
1534 3970 1602 3992 ε·-
1631 3949 1702 4000 At
1746 3962 1946 3997 summa
1986 3950 2081 3997 tria
2128 3949 2271 3996 verba

1226 4017 1371 4065 dicat.
1445 4013 1569 4065 Cod.
1617 4013 1842 4064 Curionis
1871 4041 1939 4053 -·
1965 4017 2040 4065 Ad
2085 4028 2274 4064 summa

1231 4115 1244 4129 .
1265 4114 1278 4128 .
1301 4115 1314 4130 .
1347 4083 1616 4132 me'ducat.
1685 4080 1779 4136 m.
1797 4081 1850 4135 2.
1865 4084 2036 4131 —cito
2057 4090 2175 4131 ante
2196 4084 2273 4133 di·

1230 4152 1322 4197 cat.
1358 4148 1541 4198 v—-et
1573 4161 1763 4198 servum
1792 4162 1868 4198 me
1900 4149 2061 4200 ducat.
2108 4149 2276 4200 Iunius

1230 4231 1293 4265 ex
1328 4212 1444 4268 cod.
1477 4230 1568 4266 suo
1612 4212 1768 4279 legit:
1831 4218 2001 4265 natum
2044 4217 2112 4268 ad
2145 4230 2276 4266 sum-

1231 4296 1345 4334 ma.
1431 4284 1543 4334 Tria
1586 4284 1732 4333 uerba
1777 4283 1868 4334 cito
1914 4283 2061 4333 dicat.
2140 4285 2277 4336 Hunc
