2767 4934
497 337 580 405 94
1334 336 1438 396 AD
1484 336 1837 398 MARCIAM

498 509 683 586 hose,
742 505 1057 570 crudeliter
1091 502 1398 567 abutetur:
1456 504 1603 568 alios
1629 504 1866 589 ignibus
1898 514 2138 589 peruret
2180 503 2277 569 uel
2313 504 2388 569 in'
2409 503 2686 589 poenam

497 609 747 673 admotis
784 608 879 672 uel
915 606 976 669 in
1010 605 1355 669 remedium.
1449 605 1599 669 alios
1635 605 1892 669 uinciete
1954 605 2012 668 id
2049 626 2204 669 nunc
2243 607 2397 684 hosti
2430 606 2679 685 licebit,

496 731 651 774 nunc
680 709 820 772 ciui.
885 707 1034 771 alios
1061 726 1170 792 per
1196 705 1426 770 incerta
1456 707 1646 770 nudos
1678 706 1862 770 maria
1894 705 2130 769 iactabit
2156 716 2218 770 et
2244 707 2494 771 luctatos
2526 728 2680 772 cum

494 811 765 874 fluctibus
799 830 874 874 ne
905 809 968 872 in
1000 828 1236 871 arenam
1266 808 1497 891 quidem
1535 818 1638 871 aut
1663 807 1800 870 litus
1834 808 2134 892 explodet,
2182 810 2287 872 sed
2314 809 2378 872 in
2410 808 2681 872 alicui·-

493 912 794 977 inmensae
823 919 1091 974 uentrem
1129 909 1336 972 beluae
1382 909 1693 972 decondet.
1783 908 1930 971 alios
1966 908 2303 972 morborum
2335 909 2516 972 uariis
2555 930 2683 994 ge-

495 1014 735 1077 neribus
765 1021 1127 1076 emaceratos
1163 1011 1261 1073 diu
1293 1010 1453 1073 inter
1483 1010 1664 1073 uitam
1698 1019 2063 1093 mortemque
2089 1010 2313 1073 medios
2343 1010 2674 1074 detinebit.

443 1127 470 1167 5
494 1112 575 1179 Ut
606 1114 770 1178 uaria
801 1124 863 1177 et
886 1112 1193 1175 libidinosa
1224 1110 1760 1195 mancipiorumque
1793 1132 2032 1174 suorum
2068 1112 2388 1196 neglegens
2418 1110 2678 1176 domina

494 1226 556 1279 et
592 1215 799 1300 poenis
841 1224 901 1277 et
935 1212 1274 1276 muneribus
1318 1212 1559 1275 errabit.
1651 1209 1810 1293 Quid
1847 1201 1994 1296 opus
2037 1222 2130 1275 est
2164 1215 2358 1297 partes
2393 1213 2674 1277 deflere?

494 1327 616 1380 tota
642 1317 851 1379 flebilis
883 1314 1004 1379 uita
1033 1324 1146 1377 est.
1238 1312 1548 1396 Urgehunt
1573 1334 1728 1377 noua
1750 1304 2139 1393 incommoda,
2187 1313 2524 1398 priusquam
2551 1335 2692 1379 ue-s

494 1418 716 1481 teribus
750 1415 1137 1481 satisfecerim
1212 1412 1656 1478 Moderandum
1684 1425 1777 1478 est
1801 1413 1998 1499 itaque
2026 1415 2196 1478 uobis
2223 1414 2478 1479 maxime
2503 1436 2672 1500 quae

1603 1585 1756 1633 nudos
1787 1567 1942 1633 mari
1972 1586 2180 1633 iactabit.
2268 1584 2315 1633 G
2338 1590 2391 1643 4-
2416 1590 2476 1634 et
2508 1600 2569 1636 ne
2603 1590 2664 1636 in

1604 1665 1819 1701 arenam.
1868 1667 2113 1716 g=nec
2144 1654 2196 1702 in
2228 1666 2438 1702 arenam.
2486 1651 2667 1719 vg=

1602 1721 1818 1836 ῗέἰῑίἰιιε.
1891 1720 2058 1769 Germ.
2092 1739 2162 1764 ==
2188 1725 2272 1769 aut
2305 1722 2415 1769 litus
2448 1724 2657 1784 expel-

1701 1856 1753 1903 in
1800 1855 2003 1904 alicuius
2049 1855 2286 1905 inmensae
2331 1860 2537 1908 ventrem
2571 1860 2656 1909 be-

560 1587 607 1636 V
631 1591 684 1646 4
713 1591 768 1635 et
816 1586 1076 1656 crudeliter.
1147 1585 1191 1646 G
1208 1607 1276 1629 =
1293 1587 1541 1636 crudeliter

495 1657 823 1705 arbitretur.
890 1648 981 1702 1²4.
1007 1661 1077 1697 ’π
1105 1655 1292 1721 ignibus
1320 1656 1537 1716 perie-

491 1724 595 1772 rit.

558 1790 763 1840 admotis
790 1790 862 1838 vel
883 1792 935 1839 in
961 1790 1233 1839 remedium.
1284 1790 1405 1839 alios
1429 1792 1535 1839 vin·

489 1857 607 1908 ciet:
657 1859 710 1907 id
739 1872 863 1907 nunc
895 1858 1015 1906 hosti
1045 1860 1224 1919 licebit,
1259 1871 1384 1906 nnnc
1427 1860 1533 1907 civi.

491 1928 611 1975 alios
638 1940 725 1988 per
756 1928 935 1974 incerta
966 1927 1119 1974 nudos
1150 1928 1310 1974 maria
1342 1927 1539 1975 iactabit

487 2013 557 2036 =
573 1996 618 2042 A
637 1991 744 2042 Col.
773 1993 920 2040 Brux.
951 1993 1056 2045 (Sto
1080 2028 1096 2045 .
1117 2026 1134 2045 .
1154 2026 1171 2046 .
1190 1994 1269 2045 §Bo
1288 1994 1357 2054 (A
1372 2014 1442 2035 ==
1459 1996 1534 2041 ia-

486 2065 563 2110 cta
577 2075 606 2109 v
622 2063 701 2123 it).
767 2059 861 2108 BG
887 2080 958 2102 ---
987 2061 1190 2108 admotis
1234 2062 1309 2109 vel
1353 2064 1532 2110 incerta

489 2129 643 2177 nudos
686 2130 845 2175 maria
882 2128 1073 2175 iactabit
1104 2125 1213 2175 rell.
1260 2142 1361 2176 om.
1430 2128 1532 2177 mG

487 2196 649 2242 ==vel
681 2196 732 2243 in
761 2196 1020 2242 remedium
1054 2196 1315 2244 alicuius
1346 2197 1532 2249 vincit

486 2262 541 2310 id
573 2265 639 2309 at
673 2262 791 2310 hosti
823 2262 974 2309 licebit
1007 2274 1119 2309 non
1154 2262 1258 2308 cui
1291 2263 1414 2311 alios
1445 2277 1532 2323 per

485 2330 680 2377 incerta.
748 2328 878 2377 V=
908 2329 1148 2376 admotos
1178 2329 1252 2375 vel
1291 2330 1343 2377 in
1382 2343 1531 2379 reme-

488 2397 622 2444 dium
655 2396 908 2444 alicuius
952 2396 1092 2443 vinci
1103 2399 1135 2443 t.
1203 2396 1262 2443 Id
1291 2412 1415 2446 nunc
1449 2399 1532 2446 ho·-

487 2464 549 2512 sti
582 2464 732 2512 licebit
762 2477 888 2512 nunc
920 2464 1042 2522 civi,
1086 2464 1206 2511 alios
1234 2477 1320 2523 per
1354 2467 1533 2514 incerta

485 2531 639 2587 nudos
670 2532 829 2580 maria
855 2532 1062 2579 iactabit.
1145 2530 1191 2577 D
1224 2551 1295 2573 .-·--
1326 2534 1531 2581 admotis

489 2597 552 2665 [s.
569 2614 637 2646 m.
671 2599 831 2647 admot
847 2612 927 2646 os.
993 2613 1046 2645 m
1073 2599 1148 2647 vel
1175 2600 1227 2647 in
1253 2603 1528 2649 remedium.

486 2668 615 2715 Alios
638 2667 822 2715 vinciet.
854 2666 907 2712 id
922 2679 1048 2712 nunc
1070 2666 1189 2713 hosti
1206 2667 1368 2716 licebit.
1404 2681 1529 2716 nunc

485 2734 593 2782 civi.
661 2734 787 2781 Alios
816 2730 925 2796 per]
970 2733 1041 2779 vel
1077 2730 1197 2797 [hoc
1229 2731 1303 2798 n.]
1348 2736 1528 2783 incerta

1601 1922 1709 1971 luae
1743 1923 1966 1971 decondet
1992 1943 2062 1965 =
2090 1923 2183 1972 VA
2213 1924 2284 1987 (A
2309 1939 2430 1989 p.m.
2463 1945 2533 1966 ==
2570 1927 2674 1975 be--

1599 1990 1750 2050 lua).
1856 1986 1946 2038 1²3.
1965 1984 2014 2040 4.
2056 1989 2162 2039 Col.
2197 2005 2230 2055 g
2258 2011 2329 2034 ===
2359 1995 2408 2041 in
2440 1994 2656 2042 alicuius

1596 2058 1852 2109 immensae
1882 2059 2043 2107 beluae
2069 2064 2275 2107 ventrem
2300 2060 2535 2109 decondet.
2604 2062 2652 2108 B

1598 2123 1645 2171 D
1681 2124 1839 2189 Bong.
1878 2126 1984 2177 (55το
2018 2161 2034 2178 .
2053 2161 2069 2178 .
2090 2159 2107 2179 0
2136 2128 2217 2179 Qu
2246 2148 2316 2169 =
2345 2129 2394 2176 in
2439 2129 2651 2178 alicuius

1595 2196 1797 2240 ventrem
1829 2194 2083 2241 immensae
2115 2195 2276 2245 beluae
2309 2196 2542 2244 decondet.
2595 2196 2648 2244 G

1598 2256 1735 2306 Pinc.
1771 2275 1817 2307 v.
1849 2258 1883 2308 l.
1909 2263 2045 2309 =in
2080 2262 2282 2310 alicuius
2311 2265 2514 2311 venirem
2547 2264 2648 2312 im·-

1595 2338 1783 2374 mensae
1825 2328 1987 2377 beluae
2033 2329 2291 2377 recondet.
2358 2326 2446 2380 1³2.
2478 2329 2561 2383 z.
2582 2364 2599 2383 .
2621 2366 2643 2383 .

1598 2390 1684 2444 24.
1716 2414 1786 2435 =
1816 2396 1867 2444 in
1915 2397 2117 2445 alicuius
2147 2400 2355 2446 ventrem
2387 2399 2646 2447 immensae

1597 2462 1758 2509 beluae
1792 2463 2105 2511 detrudet.

1663 2530 1784 2596 inter
1804 2531 1954 2578 vitam
1975 2534 2257 2592 mortemque
2288 2544 2337 2579 m
2351 2543 2375 2579 e
2388 2532 2422 2580 d
2437 2532 2455 2579 i
2466 2543 2492 2580 o
2506 2545 2532 2581 s
2553 2531 2640 2581 de-

1594 2597 2076 2662 tinebit=VAng
2106 2598 2262 2661 Bong.
2287 2597 2391 2646 eol.
2411 2596 2497 2648 P3.
2533 2598 2637 2649 Iur.

1593 2735 1785 2781 mortem
1837 2733 1882 2796 [s
1914 2733 2023 2797 que]
2068 2737 2267 2781 metus
2297 2733 2525 2781 detinebit.
2595 2734 2641 2782 B

482 2800 637 2849 nudos
669 2801 829 2846 maria
863 2800 1066 2847 iactabit.
1134 2816 1167 2863 g
1189 2821 1256 2841 =
1286 2803 1527 2850 admotos

482 2869 556 2916 vel
588 2868 638 2915 in
660 2866 933 2914 remedium.
970 2867 1089 2914 alios
1117 2881 1204 2928 per
1235 2869 1414 2926 incerta
1438 2884 1528 2917 nu·

484 2935 571 2983 dos
603 2936 762 2982 maria
788 2934 982 2982 iactabit
1012 2931 1122 2981 rell.
1142 2950 1239 2983 om.
1309 2936 1447 2984 Erm.
1467 2933 1526 2985 ci.

483 3002 1157 3051 :admotisvelincertis
1189 3000 1294 3051 sive
1328 3005 1526 3053 inser-

483 3071 585 3129 tis,
616 3069 736 3117 alios
757 3068 910 3117 nudos
933 3071 1082 3117 mari
1112 3072 1324 3119 iactabit.
1363 3068 1523 3120 Codd.

483 3133 847 3185 emendatiores
882 3133 1018 3185 Pinc.
1038 3158 1108 3181 ==
1134 3140 1337 3187 admotis
1369 3142 1443 3188 vel
1474 3142 1526 3189 in

479 3207 754 3266 remedium,
789 3206 909 3253 alios
936 3205 1120 3255 vinciet.
1169 3207 1226 3255 Id
1258 3221 1383 3256 nunc
1410 3208 1525 3255 isti

477 3274 628 3322 licebit
674 3286 798 3321 nunc
849 3274 938 3326 tib
951 3274 985 3320 i.
1053 3275 1182 3321 Alios
1227 3287 1313 3333 per
1347 3276 1526 3322 incerta

478 3341 631 3388 nudos
662 3340 822 3387 maria
855 3339 1063 3386 iactabit.
1134 3336 1220 3386 P2.
1254 3360 1324 3381 =
1355 3343 1523 3389 admo-

480 3400 594 3466 tos,
627 3407 701 3455 vel
731 3406 794 3453 in
825 3406 1002 3452 incerta
1034 3419 1148 3453 nos
1181 3409 1337 3455 maria
1371 3409 1523 3455 iacta-

481 3473 560 3520 bit.
627 3470 715 3521 1³4.
735 3472 783 3524 z
799 3505 814 3523 .
833 3506 849 3523 .
866 3503 883 3523 .
903 3468 997 3523 (ξῙ.
1014 3493 1084 3515 =
1098 3473 1319 3535 admotis,
1347 3476 1421 3523 vel
1446 3477 1519 3523 in-

476 3543 603 3588 certa
634 3539 788 3589 nudos
819 3539 978 3586 maria
1007 3541 1200 3588 iactabit
1225 3538 1347 3603 ((ξί.
1361 3563 1429 3584 .--
1445 3543 1520 3589 ia-

475 3608 626 3656 ctaba
642 3608 702 3669 t).
774 3606 918 3654 Grut.
955 3605 1014 3655 ci.
1036 3628 1106 3650 =
1128 3609 1365 3671 admotis,
1397 3611 1520 3659 alios

474 3676 537 3724 in
569 3676 747 3725 incerta
779 3675 933 3723 nudos
966 3678 1124 3726 maria
1170 3678 1365 3726 iactabit
1403 3675 1512 3725 rell.

476 3757 576 3791 om.
630 3740 1058 3793 P3.=admotos
1089 3745 1163 3792 vel
1195 3746 1245 3793 in
1276 3746 1373 3793 rei
1405 3740 1516 3792 me-

474 3811 664 3871 dium,
693 3824 782 3871 per
813 3811 992 3859 incerta
1011 3813 1164 3860 nudos
1182 3814 1340 3860 maria
1362 3813 1516 3860 iacta-

474 3878 555 3926 bit.
624 3876 718 3929 ΘΖ.
738 3909 755 3928 .
777 3912 793 3930 .
815 3911 830 3929 .
849 3878 899 3930 Θ
928 3899 997 3920 --
1027 3880 1230 3928 admotis
1260 3880 1333 3927 vel
1366 3880 1515 3927 incer·

472 3945 592 4005 tis,
620 3945 761 3993 ,alios
793 3947 943 3994 nudos
977 3948 1131 3995 mari
1168 3947 1386 3995 iactabit.·
1443 3946 1513 3997 {Ut

473 4043 490 4062 .
512 4013 561 4063 ἑ.
580 4012 667 4064 24.
701 4033 771 4054 =
802 4013 1006 4062 admotis
1034 4015 1109 4062 vel
1139 4015 1188 4063 in
1223 4014 1479 4062 remedium
1495 4026 1512 4061 .·

469 4080 590 4127 alios
620 4081 774 4128 nudos
805 4082 952 4129 mari
995 4082 1203 4130 iactabit.
1271 4079 1411 4145 Lips.
1448 4078 1508 4128 ci.

468 4147 625 4193 =vel
656 4147 717 4195 in
752 4151 1086 4197 certamen.
1123 4146 1505 4212 Triller.(0bss.

468 4229 518 4278 p.
541 4207 685 4276 456.)
722 4213 867 4262 ci.=
899 4218 998 4263 vel
1030 4218 1096 4264 in
1127 4217 1305 4265 ineerta
1333 4217 1508 4265 salu·

1594 2795 1681 2845 1³2.
1699 2793 1750 2846 4.
1781 2801 1829 2853 εἴ
1844 2833 1861 2852 .
1878 2832 1895 2851 .
1915 2833 1932 2853 .
1950 2798 2037 2852 224,
2054 2827 2119 2836 —
2135 2801 2330 2849 medios.

1661 2863 1710 2913 5.
1746 2867 1826 2931 Vg
1843 2864 2188 2916 P2.=vana
2221 2872 2262 2916 et
2288 2868 2551 2917 libidinosa.
2590 2869 2638 2917 D

1594 2933 1765 2996 (mcv)
1781 2956 1849 2976 =
1867 2937 2211 2995 mancipiorum
2244 2950 2343 2983 om.
2364 2948 2465 2996 que.
2501 2934 2550 2984 G
2566 2961 2638 2974 -

1594 3003 1636 3048 et
1667 3009 1784 3050 ante
1816 3004 2100 3051 mmzeribus.
2168 3002 2283 3049 Lat.
2326 3000 2491 3050 Latin.
2542 3003 2631 3066 (B.

1592 3066 1670 3116 Pr.
1706 3084 1758 3133 p.
1791 3063 1904 3133 47.)
1929 3091 1998 3111 =
2017 3074 2059 3119 et
2086 3070 2358 3119 muneribus
2390 3082 2633 3120 enarra-

1592 3137 1671 3184 bit.
1739 3138 1861 3184 A=
1875 3152 1983 3187 erra
1995 3152 2025 3186 v
2039 3140 2087 3184 it.

1659 3204 1825 3266 flebilis
1852 3208 1951 3254 viia
1968 3227 2033 3247 =
2054 3203 2290 3269 GVADg.
2393 3204 2433 3252 B
2448 3225 2519 3247 ==
2535 3207 2568 3254 d
2583 3220 2633 3254 e-

1590 3271 1756 3333 flebilis
1774 3274 1896 3321 vita.
1968 3275 2016 3325 π
2033 3311 2047 3325 .
2068 3306 2083 3324 .
2100 3306 2116 3323 .
2134 3273 2215 3325 Qu
2232 3293 2302 3315 =
2318 3274 2418 3322 vita
2446 3275 2630 3336 flebilis.

1593 3336 1640 3385 G
1655 3359 1725 3380 =
1740 3341 2050 3401 satisfecerit.
2287 3379 2294 3382 .

1644 3407 1906 3455 Moderand
1916 3422 1949 3454 u
1960 3421 2009 3455 m
2035 3411 2100 3456 est
2110 3409 2267 3468 itaque
2281 3408 2409 3456 vobis
2422 3408 2632 3457 maxime

1586 3487 1708 3533 quae
1740 3475 2025 3522 inmoderate
2056 3477 2185 3536 sertis
2211 3495 2281 3516 ==
2320 3474 2446 3522 ssAD
2469 3474 2627 3539 Bong.

1588 3537 1648 3588 ci.
1666 3538 1806 3604 Lips.
1840 3541 1947 3593 &ro
1966 3576 1982 3593 .
2004 3575 2019 3593 .
2038 3575 2054 3593 .
2075 3543 2175 3595 §800
2278 3540 2413 3592 Pinc.
2439 3557 2485 3590 v.
2507 3540 2540 3590 l.
2556 3564 2630 3586 =

1592 3624 1644 3653 ω
1670 3643 1687 3669 ,
1740 3610 1872 3657 vobis
1916 3611 2125 3657 maxime
2173 3623 2202 3670 q
2217 3611 2279 3658 ni
2325 3609 2631 3659 immoderate

1583 3676 1727 3736 fertis.
1798 3675 1843 3723 G
1872 3697 1941 3718 =
1970 3677 2313 3725 Moderandum
2361 3680 2428 3724 est
2469 3677 2629 3737 itaque

1584 3757 1657 3791 no
1674 3744 1744 3790 bis
1775 3746 1985 3792 maxime
2021 3744 2094 3807 [m
2140 3757 2262 3805 quae
2298 3744 2623 3809 immoderate]

1581 3811 1726 3870 serite.
1797 3808 1993 3859 Col..=
2018 3829 2069 3856 ω
2094 3826 2128 3859 n
2144 3825 2170 3858 o
2186 3812 2257 3859 bis
2280 3828 2355 3857 ω.
2390 3826 2504 3875 g=
2522 3813 2625 3859 Mo·-

1581 3877 1823 3925 deranda
1869 3882 2015 3928 sant
2051 3881 2208 3939 itaque
2254 3880 2464 3926 maxime
2493 3879 2628 3927 vobis

1580 3958 1701 4005 quae
1728 3946 2033 3996 immoderate
2062 3947 2205 4008 fertis,
2273 3943 2361 3994 1³3.
2381 3945 2626 3994 ==Mode-

1578 4013 1717 4060 rand
1732 4025 1765 4060 a
1810 4017 1877 4061 est
1922 4015 2082 4075 itaque
2112 4013 2243 4061 vobis
2279 4030 2355 4059 ω.
2424 4008 2526 4062 1³4.
2553 4033 2626 4056 =

1577 4080 1885 4130 Moderandu
1899 4095 1923 4129 s
1972 4086 2039 4130 est
2066 4083 2226 4141 itaque
2273 4097 2306 4129 n
2320 4095 2347 4129 o
2365 4081 2435 4129 bis
2464 4083 2624 4129 maai·

1575 4159 1649 4196 me
1698 4149 1880 4198 dolor
1928 4162 2104 4210 quem
2137 4148 2441 4197 immoderate
2472 4147 2619 4210 fertis.

1574 4214 1708 4263 V==
1728 4216 2084 4265 Moderandus
2116 4220 2183 4265 est
2210 4217 2369 4277 itaque
2399 4217 2532 4265 vobis
2562 4230 2621 4265 a·

466 4283 569 4329 tis.
605 4280 910 4343 m311=vel
935 4283 1193 4331 insutos
1225 4286 1403 4333 culeo
1433 4284 1509 4332 vet
1571 4283 1787 4332 nimus
1820 4283 2029 4334 adhuc
2057 4284 2267 4333 maxime
2299 4294 2422 4344 qaae
2453 4286 2621 4334 immo-
