2767 4934
362 647 371 652 ’
445 614 484 680 2'
498 613 766 677 suadent.

499 340 629 411 240
1323 342 1432 406 AD
1477 343 1837 406 SERENUM

498 529 614 596 qne
653 516 775 575 n‘on
816 509 890 573 ad
938 531 1095 575 noua
1141 511 1414 598 exempla
1463 530 1840 596 conponere,
1905 511 2114 576 seth
2141 509 2430 575 maiorum·
2461 531 2690 577 mores

855 609 1169 677 Discamus
1216 612 1640 677 continentiam
1684 633 1906 697 augere
1922 659 1940 692 ,
2005 612 2304 679 luxuriam
2352 633 2686 694 coercere,

495 715 689 799 gulam
730 714 1093 798 temperare,
1157 713 1521 778 iracundiam
1556 714 1778 794 lenire,
1845 724 2247 800 paupertatem
2279 714 2484 798 aequis
2515 733 2688 779 ocu-

494 815 567 879 lis
597 814 939 900 adspicere,
1004 815 1395 899 frugalitatem
1431 816 1666 895 colere,
1732 815 1908 879 etiam
1938 816 1987 879 si
2024 815 2247 879 similes
2277 836 2388 878 nos
2419 816 2690 901 pudebit

494 937 633 981 esse
665 917 914 1002 populo,
979 916 1302 980 desideriis.
1321 917 1686 981 naturalibus
1725 938 1909 1002 paruo
1948 927 2150 1001 parata
2190 917 2454 981 remedia
2494 917 2692 981 adhi-

494 1018 636 1082 bere
658 1065 677 1097 ,
737 1039 874 1103 spes
911 1019 1230 1081 effrenatas
1263 1028 1326 1081 et
1354 1018 1611 1082 animum
1643 1018 1707 1081 in
1742 1020 1936 1081 futura
1967 1018 2324 1083 eminentem
2359 1018 2523 1083 uelut
2547 1019 2690 1083 sub

492 1118 745 1200 uinculis
772 1119 1026 1204 habere,
1070 1119 1128 1183 id
1162 1139 1374 1204 agere,
1425 1130 1490 1183 ut
1516 1119 1749 1183 diuitias
1780 1139 1814 1200 a
1845 1119 2015 1184 nobis
2048 1121 2240 1205 potius
2265 1141 2440 1205 quam
2469 1141 2508 1184 a
2535 1121 2692 1185 for-

492 1229 636 1287 tuna
679 1231 969 1307 petamus.
1056 1218 1201 1284 Non
1241 1230 1437 1305 polest
1479 1241 1749 1304 umquam
1790 1230 1956 1284 tanta
1996 1221 2258 1285 varietas
2288 1232 2349 1284 et
2374 1220 2686 1305 iniquitas

493 1342 736 1387 casuum
774 1323 859 1386 ita
902 1321 1150 1406 depelli,
1214 1331 1282 1384 ut
1321 1342 1443 1384 non
1486 1322 1727 1385 multum
1774 1321 2158 1406 procellarum
2198 1323 2396 1386 inruat
2437 1344 2712 1406 magna.

492 1434 850 1487 armamenta
882 1422 1301 1506 pandentibus:
1349 1424 1650 1507 cogendae
1682 1423 1743 1502 in
1776 1433 1964 1486 artum
2000 1443 2100 1486 res
2132 1434 2293 1502 sunt,
2342 1435 2407 1488 ut
2437 1424 2555 1492 tela
2589 1426 2678 1490 in

440 1558 467 1599 3
493 1545 707 1589 uanum
733 1525 965 1588 cadant.
1032 1521 1291 1607 Ideoque
1324 1525 1508 1588 exilia
1538 1525 1830 1588 interdum
1858 1524 2334 1609 calamitatesque
2365 1525 2428 1589 in
2456 1546 2679 1591 reme-

492 1625 649 1698 dium
678 1646 918 1689 cessere
946 1635 1008 1688 et
1037 1625 1359 1690 leuioribus
1389 1627 1771 1690 incommodis
1803 1624 2082 1709 grauiora
2112 1636 2321 1689 sanata
2344 1612 2504 1706 sunt,
2551 1628 2677 1696 ubi

492 1748 695 1812 parum
727 1727 889 1790 audit
920 1737 1230 1812 praecepta
1263 1727 1491 1792 animus
1525 1748 1635 1792 nec
1669 1727 1860 1790 curari
1895 1727 2126 1790 mollius
2157 1737 2373 1812 potest.
2463 1725 2681 1810 Quid-

491 1828 557 1892 ni
583 1829 943 1908 consulitur,
991 1829 1043 1892 si
1069 1838 1139 1892 et
1170 1840 1485 1914 paupertas
1515 1840 1576 1893 et
1605 1828 1927 1914 ignominia
1958 1838 2022 1891 et
2048 1849 2249 1892 rerum
2280 1829 2516 1894 euersio
2546 1832 2678 1896 ad·

487 2020 558 2043 =
571 2002 623 2048 in
635 2015 660 2049 c
674 2002 744 2049 iti.
811 2000 937 2049 Tres
969 1998 1057 2048 Gr.
1073 2020 1143 2041 =
1157 2001 1209 2049 in
1221 2014 1252 2048 v
1263 2001 1332 2048 iti.
1402 1998 1531 2048 Rell.
1603 1996 1824 2047 cludunt.
1897 1995 2033 2046 GDE
2043 1967 2121 2040 ⁴=
2135 2012 2191 2058 sp
2205 2012 2229 2047 e
2241 2013 2288 2047 m
2322 2000 2518 2061 effrenat
2532 2014 2565 2047 a
2583 2014 2667 2052 m.

489 2065 639 2115 etiam
664 2066 800 2116 Pinc.
824 2086 902 2116 ω.
972 2068 1242 2121 ξῖἓζε-εαᾶ
1273 2068 1402 2116 nova
1436 2080 1534 2116 ex·
1599 2065 1646 2114 D
1668 2064 1758 2131 (u.)
1784 2071 1837 2124 -ι-
1859 2067 1944 2114 sub
1976 2066 2177 2115 vinculis
2209 2068 2375 2115 habere
2418 2068 2668 2119 dieen-

488 2139 590 2183 tra
623 2149 907 2195 componere.

554 2215 706 2250 mores
759 2204 958 2249 suadent
989 2222 1058 2243 =
1092 2201 1378 2252 BGVADE.

490 2302 508 2322 o
526 2301 543 2319 ο
563 2301 579 2320 s
599 2269 680 2320 mo
698 2289 765 2310 ·“--·“
781 2270 981 2316 813αάεηῖ
1009 2282 1175 2317 mores·

559 2332 610 2384 2.
643 2348 847 2384 coercere
881 2337 1094 2396 qulam
1120 2357 1189 2377 =
1222 2336 1531 2388 Az...§Bo

490 2402 638 2470 (ΔΞ
650 2401 817 2466 qiam).
858 2402 1070 2452 RGV=
1089 2417 1290 2452 coercere
1311 2418 1341 2464 9
1355 2406 1371 2451 l
1386 2405 1427 2451 'i
1442 2416 1531 2451 am

490 2469 523 2521 i.
559 2487 605 2522 e.
638 2472 915 2533 ylariani
943 2492 1014 2513 =
1044 2470 1130 2519 DE
1150 2467 1418 2534 cod.Lips.
1486 2470 1533 2520 V

488 2561 560 2583 =.-..
583 2543 909 2601 paupertatem
942 2540 1094 2588 letis
1127 2540 1272 2587 oculis
1308 2539 1533 2600 aspicere,

477 2607 787 2659 ,iracundiam
820 2608 977 2654 lenire.

556 2674 762 2723 etiamsi
795 2674 1046 2722 similes
1073 2673 1365 2734 nospudebit
1397 2683 1532 2721 esse

485 2742 808 2803 populo=
827 2737 963 2788 Pinc.
995 2737 1055 2789 ci.
1090 2739 1195 2794 982.
1223 2739 1428 2804 (ffi2.=
1449 2742 1533 2804 (el-

489 2811 589 2856 iam
617 2809 659 2855 si
677 2841 690 2855 .
707 2841 720 2854 .
740 2840 754 2854 .
768 2806 1004 2870 populoi).
1098 2809 1206 2856 Ort.
1225 2829 1294 2850 ==
1307 2811 1450 2856 eliam
1467 2809 1533 2856 si·

486 2877 621 2924 utiles
662 2887 748 2923 nos
777 2875 970 2934 pudebit
1002 2889 1098 2924 esse
1127 2878 1302 2936 populo
1349 2879 1404 2925 et
1452 2876 1532 2923 si-

485 2944 672 2992 miles
720 2942 828 2991 lios
855 2944 1131 3002 pudebit
1174 2945 1230 2991 ei
1259 2944 1414 3003 plus
1446 2943 1529 2991 de·

484 3078 686 3126 sideriis.
742 3078 786 3124 A
802 3097 869 3119 =
888 3080 1031 3126 etiam
1057 3080 1284 3127 simules
1321 3077 1374 3140 [li
1388 3073 1523 3142 s.m.]

479 3145 677 3206 pudebit
705 3147 763 3193 ei
791 3147 941 3206 plus
974 3147 1234 3194 desideriis.
1302 3141 1434 3192 81²4.
1454 3165 1525 3186 =

481 3215 625 3261 etiam
656 3215 851 3261 simul
900 3213 1012 3261 hos
1045 3214 1236 3273 pudebit
1269 3214 1323 3259 ei
1372 3212 1525 3273 plus

480 3280 741 3328 desideriis.
828 3279 875 3328 G
903 3300 974 3320 ==
1002 3282 1145 3328 eliam
1191 3279 1365 3327 sil’is
1415 3279 1526 3326 hos

484 3344 557 3409 [m
587 3347 693 3407 nos]
729 3346 921 3404 pudebit
952 3347 1051 3393 rei
1081 3345 1235 3404 plus
1274 3345 1347 3407 [m
1374 3358 1528 3404 popu-

482 3410 549 3475 lo]
585 3413 845 3460 desideriis.
884 3409 1138 3469 Quaedam
1171 3426 1280 3460 exx.
1303 3409 1441 3459 Pinc.
1456 3432 1526 3454 ε-

372 3527 381 3540 ,
479 3479 623 3526 etiam
656 3478 851 3525 simul
898 3476 1004 3525 hos
1041 3478 1248 3538 pudebit.
1315 3476 1427 3527 Alia
1455 3500 1525 3522 ==

479 3547 622 3594 etiam
652 3546 867 3593 simules
898 3555 984 3593 nos
1012 3545 1207 3605 pudebit
1254 3547 1313 3594 ei
1353 3548 1520 3606 plus.

478 3609 614 3661 Pinc.
652 3609 714 3659 ci.
750 3609 902 3660 etiam
933 3632 1002 3655 =
1033 3614 1177 3661 etiam
1219 3615 1263 3661 si
1306 3616 1524 3664 milies

475 3691 562 3729 nos
591 3681 798 3740 pudebit.
869 3679 957 3727 DE
976 3678 1071 3735 (31.
1100 3700 1171 3722 =
1196 3682 1382 3730 etiamsi
1415 3683 1523 3731 lios

472 3748 665 3809 pudebit
696 3749 955 3797 desideriis.
1022 3744 1110 3796 1²2.
1131 3770 1198 3791 ==
1219 3753 1277 3796 et
1309 3749 1409 3797 liis
1442 3751 1521 3797 si-

474 3817 659 3865 milis
688 3817 883 3877 pudebit
914 3818 1076 3864 enim
1107 3818 1407 3865 naturalibus
1438 3817 1520 3864 de·

471 3884 674 3933 sideriis.
742 3881 829 3933 P3.
863 3904 932 3926 =
962 3888 1016 3932 et
1049 3885 1239 3932 similis
1273 3897 1338 3932 os
1366 3884 1520 3943 pude-

474 3952 538 3998 bit
571 3953 629 3999 ei
658 3953 807 4012 plus
839 3952 987 3999 desid.
1059 3948 1167 3998 Col.
1191 3951 1421 3999 =etiam
1453 3951 1518 3999 si-

470 4020 627 4065 milis
659 4032 722 4066 os
752 4019 943 4078 pudebit
976 4020 1032 4067 ei
1060 4019 1209 4079 plus
1227 4018 1375 4066 desid.
1413 4018 1513 4070 5523

470 4105 538 4126 --—-
572 4089 627 4132 et
668 4086 837 4133 simul
884 4085 994 4134 lios
1030 4086 1222 4146 pudebit
1268 4085 1325 4133 ei
1366 4086 1516 4145 plus

469 4152 620 4200 defid-
692 4152 786 4202 ᾶῖο
805 4187 823 4206 0
840 4184 857 4202 o
879 4185 894 4202 o
915 4153 1000 4205 mu
1019 4154 1100 4205 >80
1117 4173 1185 4193 ξ
1207 4153 1391 4200 etiam
1428 4164 1515 4200 ἥθ’

463 4219 657 4280 pudebit
689 4219 839 4267 desid.
855 4217 962 4266 rell.
982 4233 1083 4266 om.
1151 4218 1441 4268 v—etiam
1471 4219 1514 4267 si

469 4319 481 4332 .
501 4320 514 4333 .
534 4320 547 4335 .
565 4286 783 4335 adhibere
801 4299 819 4334 .·
854 4282 1027 4336 eadem
1059 4285 1146 4338 §Ru
1168 4287 1249 4339 sso
1274 4283 1413 4335 uncis
1434 4282 1512 4334 in·
1576 4287 1763 4335 niosa
1792 4299 1953 4336 rerum
1983 4288 2176 4338 eversio.
2262 4286 2354 4335 ΘΔ
2393 4284 2504 4336 Col.
2533 4287 2624 4340 1³2.
2703 4319 2704 4376 1

1484 2202 1533 2254 z
1556 2203 1562 2211 ,

1600 2135 1633 2182 d
1649 2149 1680 2183 u
1693 2148 1742 2182 m
1783 2148 1807 2183 e
1820 2148 1843 2182 s
1856 2137 1888 2181 t.

1666 2203 1769 2250 Non
1799 2203 1948 2262 potest
1990 2214 2244 2261 umquam
2271 2221 2340 2243 =
2367 2200 2665 2254 BGVADE

1601 2264 1690 2317 1²3.
1708 2263 1759 2316 4.
1781 2266 1885 2317 Col.
1905 2269 2011 2316 Ort.
2030 2266 2172 2316 Anio.
2197 2267 2328 2317 Scal.
2349 2269 2449 2317 Iur.
2522 2301 2528 2306 -
2551 2269 2664 2321 1²2.

1600 2336 1649 2387 Ξ
1666 2368 1682 2387 .
1702 2370 1718 2389 .
1738 2368 1755 2386 .
1773 2337 2052 2389 θὸῠε-τΝοη
2082 2340 2261 2396 potest,
2296 2339 2531 2397 inquam.
2607 2340 2667 2388 V

1605 2407 1659 2460 -Ι-
1696 2408 1831 2452 tanta
1880 2417 1943 2451 re
1957 2416 2089 2450 rum
2137 2406 2358 2452 varietas.
2442 2404 2547 2451 mG
2586 2412 2657 2465 -4-

1597 2475 1733 2519 tanta
1779 2473 1988 2519 varietas
2026 2483 2253 2519 rerum.
2324 2470 2371 2519 G
2402 2493 2471 2513 =
2500 2485 2663 2532 pen-

1597 2539 1824 2586 dentibus.
1912 2535 1957 2584 D
1979 2537 2049 2602 (m
2069 2537 2147 2601 ω)
2169 2537 2207 2585 Ε
2245 2541 2298 2595 —1-
2343 2546 2662 2591 armamenta

1597 2610 1747 2655 sunt
1779 2606 1924 2653 vela
1960 2604 2027 2667 [D
2061 2625 2131 2646 =
2159 2602 2341 2670 vella]
2389 2607 2662 2665 pandenti-

1597 2674 1699 2721 bus.
1770 2669 1864 2725 (ξΙ.
1886 2675 1939 2729 —1-
1963 2673 2111 2720 vela
2157 2675 2522 2732 pandentibus.
2601 2676 2659 2726 G

1596 2759 1666 2782 ·-—-
1682 2755 1736 2789 eo
1750 2756 1781 2790 n
1803 2755 1832 2801 9
1850 2753 1989 2788 eren
2004 2740 2096 2787 dae
2128 2741 2179 2788 in
2209 2745 2383 2788 artum.

1664 2803 1714 2856 3.
1749 2809 1944 2867 Ideoque
1973 2809 2119 2855 exilia
2148 2808 2472 2858 interdum
2504 2811 2657 2858 cala·

1593 2877 1865 2934 milatesque
1896 2894 1965 2915 =
1999 2875 2105 2921 Ort.
2141 2874 2288 2925 z...
2308 2874 2397 2926 SR.
2498 2874 2548 2923 V
2570 2897 2656 2921 ξ

1592 2943 1790 3002 Ideoque
1820 2943 1967 2989 exilia
2000 2941 2234 2989 interdum
2284 2946 2339 2988 et
2387 2943 2655 2993 calamita-

1593 3013 1676 3057 tes.
1744 3004 1834 3057 1²3.
1867 3030 1937 3050 =
1970 3010 2095 3056 exili
2110 3021 2203 3055 um
2234 3009 2484 3056 interdum.
2557 3011 2656 3062 ΒΛ

1591 3096 1659 3119 ==
1679 3076 1876 3136 Ideoque
1911 3090 1979 3125 ex
2014 3077 2138 3123 illa
2169 3076 2402 3123 iterum
2434 3078 2651 3128 calami-

1588 3148 1706 3193 tates
1736 3157 1913 3203 quae.
1986 3142 2121 3190 GDE
2152 3163 2220 3183 =
2252 3144 2448 3203 Ideoque
2494 3147 2652 3196 exilia

1589 3212 1637 3258 it
1651 3224 1822 3259 erum
1854 3212 2231 3271 calamitatesque
2268 3209 2328 3274 (E
2346 3231 2414 3251 =
2433 3212 2649 3262 calami-

1592 3281 1709 3326 tates
1744 3275 1870 3341 que).
1938 3275 2115 3325 P4.==
2142 3278 2402 3324 interim
2433 3280 2648 3329 calami-

1591 3348 1723 3392 tates.
1790 3346 1888 3392 mD
1906 3342 1939 3393 2
1957 3376 1975 3396 .
1992 3378 2009 3395 .
2026 3377 2043 3396 .
2061 3345 2142 3398 ³130
2165 3364 2235 3386 ==
2256 3345 2453 3405 Ideoque
2486 3348 2646 3396 exilia

1592 3412 1611 3460 i
1624 3415 1683 3460 nl
1697 3425 1720 3459 e
1733 3425 1759 3459 r
1771 3412 1849 3460 im
1883 3414 2277 3472 calamitatesque.
2311 3408 2398 3459 1³2.
2415 3433 2482 3453 =
2496 3413 2644 3462 Ideo-

1589 3491 1680 3540 que
1726 3492 1798 3526 ex
1857 3480 1985 3527 illa
2045 3481 2276 3527 iterum
2320 3481 2642 3530 calamitates.

1593 3544 1700 3593 Col.
1715 3565 1784 3587 =
1805 3548 2001 3607 Ideoque
2034 3548 2176 3594 exilia
2208 3549 2265 3594 et
2296 3560 2322 3594 r
2336 3561 2359 3594 e
2373 3561 2400 3595 r
2415 3555 2510 3595 um
2544 3561 2639 3596 ca-

1588 3615 1836 3662 lamitates.
1905 3613 1991 3661 DE
2023 3640 2089 3649 —
2116 3618 2171 3662 et
2202 3620 2321 3660 ante
2366 3616 2640 3664 levioribus.

1588 3680 1634 3728 D
1666 3702 1734 3722 -·--
1765 3682 1960 3729 molius
1988 3684 2149 3741 potest.
2215 3680 2262 3729 V
2282 3678 2418 3729 l'ine.
2441 3698 2488 3728 v.
2508 3679 2541 3730 l.
2560 3701 2639 3726 ζ-

1586 3750 1814 3796 melius
1843 3752 2004 3809 potest.
2051 3748 2233 3795 mD=
2251 3750 2385 3796 moli
2403 3750 2509 3797 bus
2539 3763 2637 3809 po-

1584 3818 1685 3862 test.
1756 3813 2009 3874 Quaedam
2041 3831 2149 3862 exx.
2182 3812 2319 3864 Pine.
2339 3816 2446 3863 Ort.
2475 3816 2636 3868 ⁵2R=

1584 3883 1890 3931 mollibus
1932 3886 2094 3943 potest.
2163 3880 2289 3930 Rell.
2322 3880 2471 3931 etiam
2502 3883 2633 3935 Pall.
2713 3943 2714 3946 Ἴ

1591 3966 1667 3995 ω.
1740 3950 2066 4002 πὲὃεείεὶ
2110 3954 2371 4010 paupertas
2416 3954 2457 3999 el
2490 3952 2634 4013 igno-

1582 4018 1863 4065 miniosa
1894 4031 2053 4066 rerum
2083 4020 2274 4066 eversio.
2345 4016 2439 4070 (51.
2471 4017 2525 4067 2.
2557 4041 2634 4065 =

1582 4085 1790 4144 Quidni,
1858 4086 2086 4134 durius
2142 4087 2303 4136 enim
2350 4088 2630 4150 consulitur,
2709 4115 2710 4126 ,

1579 4153 1704 4201 etsi
1734 4155 1994 4213 paupertas
2039 4155 2082 4200 et
2113 4153 2501 4213 ignominiosa
2548 4168 2630 4205 re·
2707 4197 2708 4208 ,

1578 4232 1687 4267 rum
1737 4219 1926 4267 eversio.
1994 4216 2088 4271 QG)
2118 4240 2189 4261 =
2228 4237 2280 4265 ω
2319 4224 2362 4267 et
2394 4221 2628 4281 i9nomi.

2699 4403 2702 4542 J

2679 4719 2694 4892 l
