<?xml version="1.0" encoding="UTF-8"?>
<!DOCTYPE html PUBLIC "-//W3C//DTD XHTML 1.0 Transitional//EN"
    "http://www.w3.org/TR/xhtml1/DTD/xhtml1-transitional.dtd">
<html xmlns="http://www.w3.org/1999/xhtml" xml:lang="en" lang="en">
 <head>
  <title>
</title>
<meta http-equiv="Content-Type" content="text/html;charset=utf-8" />
  <meta name='ocr-system' content='tesseract 3.04.00' />
  <meta name='ocr-capabilities' content='ocr_page ocr_carea ocr_par ocr_line ocrx_word'/>
</head>
<body>
  <div class='ocr_page' id='page_1' title='image "./lannaeisenecaeo00unkngoog_0016.png"; bbox 0 0 2767 4934; ppageno 0'>
   <div class='ocr_carea' id='block_1_1' title="bbox 343 371 1724 455">
    <p class='ocr_par' dir='ltr' id='par_1_1' title="bbox 343 371 1724 455">
     <span class='ocr_line' id='line_1_1' title="bbox 343 371 1724 455; baseline -0.008 0"><span class='ocrx_word' id='word_1_1' title='bbox 343 371 353 378; x_wconf 83' lang='grc'><em>“</em></span> <span class='ocrx_word' id='word_1_2' title='bbox 421 390 557 455; x_wconf 84' lang='lat' dir='ltr'>vm</span> <span class='ocrx_word' id='word_1_3' title='bbox 1282 383 1724 447; x_wconf 76' lang='lat' dir='ltr'>PRAEFATIO.</span> 
     </span>
    </p>
   </div>
   <div class='ocr_carea' id='block_1_2' title="bbox 425 547 2578 756">
    <p class='ocr_par' dir='ltr' id='par_1_2' title="bbox 425 547 2578 756">
     <span class='ocr_line' id='line_1_2' title="bbox 425 547 2578 643; baseline -0.004 -22"><span class='ocrx_word' id='word_1_4' title='bbox 425 564 746 643; x_wconf 78' lang='lat' dir='ltr'>praeventa</span> <span class='ocrx_word' id='word_1_5' title='bbox 766 600 786 633; x_wconf 90' lang='lat'>‚</span> <span class='ocrx_word' id='word_1_6' title='bbox 845 555 1060 618; x_wconf 84' lang='lat' dir='ltr'>factum</span> <span class='ocrx_word' id='word_1_7' title='bbox 1102 561 1236 633; x_wconf 84' lang='lat' dir='ltr'>est,</span> <span class='ocrx_word' id='word_1_8' title='bbox 1295 561 1363 616; x_wconf 86' lang='lat' dir='ltr'>ut</span> <span class='ocrx_word' id='word_1_9' title='bbox 1403 551 1604 616; x_wconf 91' lang='lat' dir='ltr'>multis</span> <span class='ocrx_word' id='word_1_10' title='bbox 1638 549 1800 615; x_wconf 86' lang='lat' dir='ltr'>vitiis</span> <span class='ocrx_word' id='word_1_11' title='bbox 1837 547 1918 613; x_wconf 84' lang='lat' dir='ltr'>sit</span> <span class='ocrx_word' id='word_1_12' title='bbox 1957 547 2207 635; x_wconf 72' lang='lat' dir='ltr'>turpiter</span> <span class='ocrx_word' id='word_1_13' title='bbox 2234 548 2578 635; x_wconf 83' lang='lat' dir='ltr'>depravata.</span> 
     </span>
     <span class='ocr_line' id='line_1_3' title="bbox 425 662 2204 756; baseline -0.004 -18"><span class='ocrx_word' id='word_1_14' title='bbox 425 670 685 756; x_wconf 77' lang='lat' dir='ltr'>Ideoque</span> <span class='ocrx_word' id='word_1_15' title='bbox 729 670 952 756; x_wconf 75' lang='lat' dir='ltr'><strong>aliquot</strong></span> <span class='ocrx_word' id='word_1_16' title='bbox 992 667 1238 735; x_wconf 77' lang='lat' dir='ltr'>Roeleri</span> <span class='ocrx_word' id='word_1_17' title='bbox 1280 662 1652 734; x_wconf 87' lang='lat' dir='ltr'>coniecturas</span> <span class='ocrx_word' id='word_1_18' title='bbox 1695 668 1966 733; x_wconf 88' lang='lat' dir='ltr'>consulto</span> <span class='ocrx_word' id='word_1_19' title='bbox 2010 666 2204 732; x_wconf 90' lang='lat' dir='ltr'>omisi.</span> 
     </span>
    </p>
   </div>
   <div class='ocr_carea' id='block_1_3' title="bbox 426 798 2589 1221">
    <p class='ocr_par' dir='ltr' id='par_1_3' title="bbox 426 798 2589 1221">
     <span class='ocr_line' id='line_1_4' title="bbox 578 798 2581 893; baseline -0.002 -25"><span class='ocrx_word' id='word_1_20' title='bbox 578 798 693 868; x_wconf 73' lang='lat' dir='ltr'>&#39;De</span> <span class='ocrx_word' id='word_1_21' title='bbox 713 801 887 869; x_wconf 90' lang='lat' dir='ltr'>Ludo</span> <span class='ocrx_word' id='word_1_22' title='bbox 912 801 1183 870; x_wconf 76' lang='lat' dir='ltr'><strong>Senecae</strong></span> <span class='ocrx_word' id='word_1_23' title='bbox 1211 803 1575 869; x_wconf 78' lang='lat' dir='ltr'><strong>emendatius</strong></span> <span class='ocrx_word' id='word_1_24' title='bbox 1603 802 1830 867; x_wconf 88' lang='lat' dir='ltr'>edendo</span> <span class='ocrx_word' id='word_1_25' title='bbox 1857 822 2019 888; x_wconf 87' lang='lat' dir='ltr'>spes,</span> <span class='ocrx_word' id='word_1_26' title='bbox 2053 822 2228 886; x_wconf 91' lang='lat' dir='ltr'>quam</span> <span class='ocrx_word' id='word_1_27' title='bbox 2257 799 2581 893; x_wconf 76' lang='lat' dir='ltr'>ex&#39;l’heod.</span> 
     </span>
     <span class='ocr_line' id='line_1_5' title="bbox 429 915 2589 1007; baseline -0.002 -20"><span class='ocrx_word' id='word_1_28' title='bbox 429 918 679 987; x_wconf 82' lang='lat' dir='ltr'>Oehleri</span> <span class='ocrx_word' id='word_1_29' title='bbox 703 920 918 986; x_wconf 77' lang='lat' dir='ltr'>litteris</span> <span class='ocrx_word' id='word_1_30' title='bbox 956 942 1339 1007; x_wconf 78' lang='lat' dir='ltr'>conceperam</span> <span class='ocrx_word' id='word_1_31' title='bbox 1371 920 1522 1004; x_wconf 88' lang='lat' dir='ltr'>(vol.</span> <span class='ocrx_word' id='word_1_32' title='bbox 1551 917 1635 982; x_wconf 89' lang='grc' dir='ltr'>ΙΙ.</span> <span class='ocrx_word' id='word_1_33' title='bbox 1672 921 1861 1005; x_wconf 79' lang='lat' dir='ltr'>praef.</span> <span class='ocrx_word' id='word_1_34' title='bbox 1903 942 1962 1004; x_wconf 93' lang='lat' dir='ltr'>p.</span> <span class='ocrx_word' id='word_1_35' title='bbox 1994 915 2297 1002; x_wconf 86' lang='lat' dir='ltr'>XVHI.)‚</span> <span class='ocrx_word' id='word_1_36' title='bbox 2343 918 2589 1004; x_wconf 89' lang='lat' dir='ltr'>decepta</span> 
     </span>
     <span class='ocr_line' id='line_1_6' title="bbox 429 1036 2587 1131; baseline -0.001 -29"><span class='ocrx_word' id='word_1_37' title='bbox 429 1040 559 1103; x_wconf 81' lang='lat' dir='ltr'>fere</span> <span class='ocrx_word' id='word_1_38' title='bbox 602 1048 695 1131; x_wconf 79' lang='lat' dir='ltr'>est</span> <span class='ocrx_word' id='word_1_39' title='bbox 716 1086 734 1118; x_wconf 91' lang='lat'>‚</span> <span class='ocrx_word' id='word_1_40' title='bbox 798 1061 930 1103; x_wconf 90' lang='lat' dir='ltr'>cum</span> <span class='ocrx_word' id='word_1_41' title='bbox 963 1039 1096 1104; x_wconf 90' lang='lat' dir='ltr'>cod.</span> <span class='ocrx_word' id='word_1_42' title='bbox 1131 1037 1617 1105; x_wconf 90' lang='lat' dir='ltr'>Valentianensis</span> <span class='ocrx_word' id='word_1_43' title='bbox 1639 1084 1659 1117; x_wconf 89' lang='lat'>‚</span> <span class='ocrx_word' id='word_1_44' title='bbox 1717 1057 1889 1121; x_wconf 84' lang='lat' dir='ltr'>quem</span> <span class='ocrx_word' id='word_1_45' title='bbox 1924 1036 2124 1121; x_wconf 88' lang='lat' dir='ltr'>paucis</span> <span class='ocrx_word' id='word_1_46' title='bbox 2165 1047 2304 1101; x_wconf 91' lang='lat' dir='ltr'>ante</span> <span class='ocrx_word' id='word_1_47' title='bbox 2340 1047 2587 1101; x_wconf 88' lang='lat' dir='ltr'>mortem</span> 
     </span>
     <span class='ocr_line' id='line_1_7' title="bbox 426 1153 2589 1221; baseline -0.001 -1"><span class='ocrx_word' id='word_1_48' title='bbox 426 1175 596 1220; x_wconf 83' lang='lat' dir='ltr'>suam</span> <span class='ocrx_word' id='word_1_49' title='bbox 655 1155 956 1221; x_wconf 84' lang='lat' dir='ltr'>mensibus</span> <span class='ocrx_word' id='word_1_50' title='bbox 1009 1178 1141 1220; x_wconf 94' lang='lat' dir='ltr'>cum</span> <span class='ocrx_word' id='word_1_51' title='bbox 1181 1156 1438 1220; x_wconf 79' lang='lat' dir='ltr'>editione</span> <span class='ocrx_word' id='word_1_52' title='bbox 1482 1153 1802 1219; x_wconf 88' lang='lat' dir='ltr'>Tauchnit.</span> <span class='ocrx_word' id='word_1_53' title='bbox 1861 1154 2299 1218; x_wconf 77' lang='lat' dir='ltr'>accuratissime</span> <span class='ocrx_word' id='word_1_54' title='bbox 2344 1155 2589 1221; x_wconf 88' lang='lat' dir='ltr'>contulit</span> 
     </span>
    </p>
   </div>
   <div class='ocr_carea' id='block_1_4' title="bbox 430 1269 2589 1477">
    <p class='ocr_par' dir='ltr' id='par_1_4' title="bbox 430 1269 2589 1477">
     <span class='ocr_line' id='line_1_8' title="bbox 430 1269 2580 1357; baseline -0 -21"><span class='ocrx_word' id='word_1_55' title='bbox 430 1271 554 1336; x_wconf 87' lang='lat' dir='ltr'>Th.</span> <span class='ocrx_word' id='word_1_56' title='bbox 597 1269 858 1354; x_wconf 89' lang='lat' dir='ltr'>Oehler‚</span> <span class='ocrx_word' id='word_1_57' title='bbox 907 1274 1059 1339; x_wconf 89' lang='lat' dir='ltr'>alius</span> <span class='ocrx_word' id='word_1_58' title='bbox 1089 1295 1210 1339; x_wconf 92' lang='lat' dir='ltr'>non</span> <span class='ocrx_word' id='word_1_59' title='bbox 1256 1274 1336 1338; x_wconf 90' lang='lat' dir='ltr'>sit</span> <span class='ocrx_word' id='word_1_60' title='bbox 1367 1294 1542 1357; x_wconf 85' lang='lat' dir='ltr'>quam</span> <span class='ocrx_word' id='word_1_61' title='bbox 1585 1273 1718 1337; x_wconf 93' lang='lat' dir='ltr'>cod.</span> <span class='ocrx_word' id='word_1_62' title='bbox 1753 1269 1849 1338; x_wconf 92' lang='lat' dir='ltr'>St.</span> <span class='ocrx_word' id='word_1_63' title='bbox 1884 1271 2141 1337; x_wconf 90' lang='lat' dir='ltr'>Amaudi</span> <span class='ocrx_word' id='word_1_64' title='bbox 2183 1272 2345 1356; x_wconf 91' lang='lat' dir='ltr'>(cod.</span> <span class='ocrx_word' id='word_1_65' title='bbox 2374 1269 2580 1355; x_wconf 90' lang='lat' dir='ltr'>Iunii),</span> 
     </span>
     <span class='ocr_line' id='line_1_9' title="bbox 430 1389 2589 1477; baseline 0 -24"><span class='ocrx_word' id='word_1_66' title='bbox 430 1389 571 1454; x_wconf 89' lang='lat' dir='ltr'>olim</span> <span class='ocrx_word' id='word_1_67' title='bbox 605 1390 679 1453; x_wconf 84' lang='lat' dir='ltr'>ab</span> <span class='ocrx_word' id='word_1_68' title='bbox 723 1389 913 1455; x_wconf 87' lang='lat' dir='ltr'>Hadr.</span> <span class='ocrx_word' id='word_1_69' title='bbox 947 1390 1122 1457; x_wconf 91' lang='lat' dir='ltr'>Iunio</span> <span class='ocrx_word' id='word_1_70' title='bbox 1169 1392 1283 1476; x_wconf 67' lang='lat' dir='ltr'>(OE)</span> <span class='ocrx_word' id='word_1_71' title='bbox 1328 1403 1677 1477; x_wconf 84' lang='lat' dir='ltr'>usurpatus,</span> <span class='ocrx_word' id='word_1_72' title='bbox 1713 1393 1853 1454; x_wconf 87' lang='lat' dir='ltr'>&#39;nec</span> <span class='ocrx_word' id='word_1_73' title='bbox 1896 1389 2163 1475; x_wconf 77' lang='lat' dir='ltr'>suppleat</span> <span class='ocrx_word' id='word_1_74' title='bbox 2207 1389 2452 1453; x_wconf 77' lang='lat' dir='ltr'>lacunas</span> <span class='ocrx_word' id='word_1_75' title='bbox 2488 1400 2589 1454; x_wconf 88' lang='lat' dir='ltr'>aut</span> 
     </span>
    </p>
   </div>
   <div class='ocr_carea' id='block_1_5' title="bbox 434 1504 2581 1689">
    <p class='ocr_par' dir='ltr' id='par_1_5' title="bbox 434 1504 2581 1689">
     <span class='ocr_line' id='line_1_10' title="bbox 434 1504 2581 1596; baseline 0 -26"><span class='ocrx_word' id='word_1_76' title='bbox 434 1504 674 1572; x_wconf 87' lang='lat' dir='ltr'>Graeca</span> <span class='ocrx_word' id='word_1_77' title='bbox 714 1519 992 1596; x_wconf 89' lang='lat' dir='ltr'>corrupta</span> <span class='ocrx_word' id='word_1_78' title='bbox 1042 1510 1254 1574; x_wconf 88' lang='lat' dir='ltr'>melius</span> <span class='ocrx_word' id='word_1_79' title='bbox 1310 1508 1622 1593; x_wconf 81' lang='lat' dir='ltr'>concipiat.</span> <span class='ocrx_word' id='word_1_80' title='bbox 1715 1504 1820 1574; x_wconf 89' lang='lat' dir='ltr'>Sic</span> <span class='ocrx_word' id='word_1_81' title='bbox 1864 1507 2175 1592; x_wconf 81' lang='lat' dir='ltr'>descripsit</span> <span class='ocrx_word' id='word_1_82' title='bbox 2212 1507 2425 1571; x_wconf 84' lang='lat' dir='ltr'>librum</span> <span class='ocrx_word' id='word_1_83' title='bbox 2465 1506 2581 1570; x_wconf 86' lang='lat' dir='ltr'>Th.</span> 
     </span>
     <span class='ocr_line' id='line_1_11' title="bbox 436 1619 693 1689; baseline 0.008 -2"><span class='ocrx_word' id='word_1_84' title='bbox 436 1619 693 1689; x_wconf 75' lang='lat' dir='ltr'>Oehlerz</span> 
     </span>
    </p>
   </div>
   <div class='ocr_carea' id='block_1_6' title="bbox 439 1753 2594 1962">
    <p class='ocr_par' dir='ltr' id='par_1_6' title="bbox 439 1753 2594 1962">
     <span class='ocr_line' id='line_1_12' title="bbox 605 1753 2594 1842; baseline 0 -20"><span class='ocrx_word' id='word_1_85' title='bbox 605 1753 759 1822; x_wconf 91' lang='lat' dir='ltr'>Cod.</span> <span class='ocrx_word' id='word_1_86' title='bbox 798 1756 1144 1824; x_wconf 87' lang='lat' dir='ltr'>Valentian.</span> <span class='ocrx_word' id='word_1_87' title='bbox 1181 1758 1268 1825; x_wconf 90' lang='lat' dir='ltr'>N.</span> <span class='ocrx_word' id='word_1_88' title='bbox 1300 1771 1363 1825; x_wconf 82' lang='lat'>5.</span> <span class='ocrx_word' id='word_1_89' title='bbox 1390 1770 1448 1825; x_wconf 91' lang='lat'>1.</span> <span class='ocrx_word' id='word_1_90' title='bbox 1481 1757 1600 1842; x_wconf 90' lang='lat' dir='ltr'>(M.</span> <span class='ocrx_word' id='word_1_91' title='bbox 1625 1760 1807 1842; x_wconf 81' lang='lat'>268.)</span> <span class='ocrx_word' id='word_1_92' title='bbox 1840 1756 2089 1839; x_wconf 83' lang='lat' dir='ltr'>membr.</span> <span class='ocrx_word' id='word_1_93' title='bbox 2128 1761 2272 1822; x_wconf 82' lang='lat'>12⁰.</span> <span class='ocrx_word' id='word_1_94' title='bbox 2314 1778 2441 1823; x_wconf 88' lang='lat' dir='ltr'>sec.</span> <span class='ocrx_word' id='word_1_95' title='bbox 2465 1755 2594 1837; x_wconf 59' lang='lat' dir='ltr'>IX„</span> 
     </span>
     <span class='ocr_line' id='line_1_13' title="bbox 439 1872 2585 1962; baseline 0.002 -26"><span class='ocrx_word' id='word_1_96' title='bbox 439 1881 519 1937; x_wconf 82' lang='lat'>16</span> <span class='ocrx_word' id='word_1_97' title='bbox 552 1872 700 1938; x_wconf 89' lang='lat' dir='ltr'>linn.</span> <span class='ocrx_word' id='word_1_98' title='bbox 757 1897 888 1952; x_wconf 90' lang='lat' dir='ltr'>cum</span> <span class='ocrx_word' id='word_1_99' title='bbox 931 1877 1098 1962; x_wconf 83' lang='lat' dir='ltr'>larga</span> <span class='ocrx_word' id='word_1_100' title='bbox 1137 1898 1327 1962; x_wconf 84' lang='lat' dir='ltr'>marg.</span> <span class='ocrx_word' id='word_1_101' title='bbox 1377 1914 1460 1926; x_wconf 89' lang='lat'>—-</span> <span class='ocrx_word' id='word_1_102' title='bbox 1502 1878 1654 1942; x_wconf 86' lang='lat' dir='ltr'>liber</span> <span class='ocrx_word' id='word_1_103' title='bbox 1691 1876 2037 1957; x_wconf 85' lang='lat' dir='ltr'>monasterii</span> <span class='ocrx_word' id='word_1_104' title='bbox 2074 1872 2205 1942; x_wconf 89' lang='lat' dir='ltr'>Sct.</span> <span class='ocrx_word' id='word_1_105' title='bbox 2231 1873 2489 1941; x_wconf 89' lang='lat' dir='ltr'>Amandi</span> <span class='ocrx_word' id='word_1_106' title='bbox 2524 1876 2585 1941; x_wconf 93' lang='lat' dir='ltr'>in</span> 
     </span>
    </p>
   </div>
   <div class='ocr_carea' id='block_1_7' title="bbox 430 1988 2587 3095">
    <p class='ocr_par' dir='ltr' id='par_1_7' title="bbox 430 1988 2587 3095">
     <span class='ocr_line' id='line_1_14' title="bbox 435 1988 1896 2078; baseline 0.003 -25"><span class='ocrx_word' id='word_1_107' title='bbox 435 1988 649 2074; x_wconf 83' lang='lat' dir='ltr'>pabula</span> <span class='ocrx_word' id='word_1_108' title='bbox 693 1992 916 2058; x_wconf 86' lang='lat' dir='ltr'>ordinis</span> <span class='ocrx_word' id='word_1_109' title='bbox 959 1993 1079 2057; x_wconf 89' lang='lat' dir='ltr'>divi</span> <span class='ocrx_word' id='word_1_110' title='bbox 1119 1991 1432 2059; x_wconf 90' lang='lat' dir='ltr'>Benedicti</span> <span class='ocrx_word' id='word_1_111' title='bbox 1476 1997 1629 2078; x_wconf 88' lang='lat' dir='ltr'>(sec.</span> <span class='ocrx_word' id='word_1_112' title='bbox 1657 1992 1896 2077; x_wconf 90' lang='lat' dir='ltr'>XVI.).</span> 
     </span>
     <span class='ocr_line' id='line_1_15' title="bbox 573 2105 1782 2179; baseline 0.004 -22"><span class='ocrx_word' id='word_1_113' title='bbox 573 2105 622 2158; x_wconf 90' lang='lat'>1.</span> <span class='ocrx_word' id='word_1_114' title='bbox 689 2108 873 2175; x_wconf 86' lang='lat' dir='ltr'>Incipit</span> <span class='ocrx_word' id='word_1_115' title='bbox 904 2109 1059 2160; x_wconf 88' lang='lat' dir='ltr'>Liber</span> <span class='ocrx_word' id='word_1_116' title='bbox 1089 2110 1237 2161; x_wconf 77' lang='lat' dir='ltr'>Marii</span> <span class='ocrx_word' id='word_1_117' title='bbox 1268 2111 1422 2162; x_wconf 91' lang='lat' dir='ltr'>Plotii</span> <span class='ocrx_word' id='word_1_118' title='bbox 1452 2112 1536 2179; x_wconf 88' lang='lat' dir='ltr'>(de</span> <span class='ocrx_word' id='word_1_119' title='bbox 1567 2111 1782 2179; x_wconf 76' lang='lat' dir='ltr'>metris).</span> 
     </span>
     <span class='ocr_line' id='line_1_16' title="bbox 689 2209 2310 2273; baseline 0.001 -14"><span class='ocrx_word' id='word_1_120' title='bbox 689 2209 795 2259; x_wconf 89' lang='lat' dir='ltr'>Inc.</span> <span class='ocrx_word' id='word_1_121' title='bbox 829 2213 924 2260; x_wconf 81' lang='lat' dir='ltr'>Ars</span> <span class='ocrx_word' id='word_1_122' title='bbox 956 2209 1105 2259; x_wconf 84' lang='lat' dir='ltr'>Marii</span> <span class='ocrx_word' id='word_1_123' title='bbox 1136 2210 1294 2261; x_wconf 79' lang='lat' dir='ltr'>Servii</span> <span class='ocrx_word' id='word_1_124' title='bbox 1330 2210 1657 2261; x_wconf 80' lang='lat' dir='ltr'>Grammatici</span> <span class='ocrx_word' id='word_1_125' title='bbox 1688 2211 1754 2261; x_wconf 91' lang='lat' dir='ltr'>de</span> <span class='ocrx_word' id='word_1_126' title='bbox 1787 2218 1984 2262; x_wconf 85' lang='lat' dir='ltr'>centum</span> <span class='ocrx_word' id='word_1_127' title='bbox 2016 2209 2202 2273; x_wconf 78' lang='lat' dir='ltr'>metris.</span> <span class='ocrx_word' id='word_1_128' title='bbox 2305 2244 2310 2249; x_wconf 85' lang='lat'><em>·</em></span> 
     </span>
     <span class='ocr_line' id='line_1_17' title="bbox 666 2292 1584 2378; baseline 0.004 -20"><span class='ocrx_word' id='word_1_129' title='bbox 666 2292 769 2359; x_wconf 42' lang='lat' dir='ltr'>&#39;De</span> <span class='ocrx_word' id='word_1_130' title='bbox 800 2308 972 2359; x_wconf 88' lang='lat' dir='ltr'>metris</span> <span class='ocrx_word' id='word_1_131' title='bbox 1005 2326 1036 2359; x_wconf 84' lang='lat' dir='ltr'>a</span> <span class='ocrx_word' id='word_1_132' title='bbox 1068 2309 1283 2361; x_wconf 83' lang='lat' dir='ltr'>Boethio</span> <span class='ocrx_word' id='word_1_133' title='bbox 1317 2311 1584 2378; x_wconf 81' lang='lat' dir='ltr'>usurpatis.</span> 
     </span>
     <span class='ocr_line' id='line_1_18' title="bbox 688 2391 1699 2479; baseline 0.004 -21"><span class='ocrx_word' id='word_1_134' title='bbox 688 2391 859 2459; x_wconf 79' lang='lat' dir='ltr'>Annei</span> <span class='ocrx_word' id='word_1_135' title='bbox 886 2411 1107 2462; x_wconf 81' lang='lat' dir='ltr'>Senecae</span> <span class='ocrx_word' id='word_1_136' title='bbox 1141 2410 1408 2478; x_wconf 82' lang='lat' dir='ltr'>proverbia</span> <span class='ocrx_word' id='word_1_137' title='bbox 1438 2410 1699 2479; x_wconf 85' lang='lat' dir='ltr'>incipiunt.</span> 
     </span>
     <span class='ocr_line' id='line_1_19' title="bbox 690 2508 1558 2579; baseline 0.005 -21"><span class='ocrx_word' id='word_1_138' title='bbox 690 2508 852 2559; x_wconf 82' lang='lat' dir='ltr'>Rome</span> <span class='ocrx_word' id='word_1_139' title='bbox 882 2509 936 2561; x_wconf 92' lang='lat' dir='ltr'>in</span> <span class='ocrx_word' id='word_1_140' title='bbox 969 2510 1191 2579; x_wconf 83' lang='lat' dir='ltr'>Imaginc</span> <span class='ocrx_word' id='word_1_141' title='bbox 1225 2511 1558 2562; x_wconf 82' lang='lat' dir='ltr'>Constantini.</span> 
     </span>
     <span class='ocr_line' id='line_1_20' title="bbox 691 2610 1535 2681; baseline 0.005 -23"><span class='ocrx_word' id='word_1_142' title='bbox 691 2610 752 2681; x_wconf 78' lang='lat' dir='ltr'>In</span> <span class='ocrx_word' id='word_1_143' title='bbox 784 2610 1027 2663; x_wconf 85' lang='lat' dir='ltr'>memoria</span> <span class='ocrx_word' id='word_1_144' title='bbox 1060 2610 1314 2662; x_wconf 81' lang='lat' dir='ltr'>cuiusdam</span> <span class='ocrx_word' id='word_1_145' title='bbox 1346 2611 1535 2662; x_wconf 84' lang='lat' dir='ltr'>militis.</span> 
     </span>
     <span class='ocr_line' id='line_1_21' title="bbox 567 2702 1643 2780; baseline 0.008 -25"><span class='ocrx_word' id='word_1_146' title='bbox 567 2702 622 2759; x_wconf 82' lang='lat'>9.</span> <span class='ocrx_word' id='word_1_147' title='bbox 690 2708 924 2774; x_wconf 84' lang='lat' dir='ltr'>Lugduni</span> <span class='ocrx_word' id='word_1_148' title='bbox 956 2710 1011 2761; x_wconf 86' lang='lat' dir='ltr'>in</span> <span class='ocrx_word' id='word_1_149' title='bbox 1041 2710 1282 2763; x_wconf 85' lang='lat' dir='ltr'>memoria</span> <span class='ocrx_word' id='word_1_150' title='bbox 1313 2710 1643 2780; x_wconf 70' lang='lat' dir='ltr'>geminorum.</span> 
     </span>
     <span class='ocr_line' id='line_1_22' title="bbox 570 2804 1531 2865; baseline 0.006 -7"><span class='ocrx_word' id='word_1_151' title='bbox 570 2804 654 2859; x_wconf 82' lang='lat'>10.</span> <span class='ocrx_word' id='word_1_152' title='bbox 685 2809 748 2859; x_wconf 88' lang='lat' dir='ltr'>Iu</span> <span class='ocrx_word' id='word_1_153' title='bbox 778 2810 995 2862; x_wconf 86' lang='lat' dir='ltr'>Tumulo</span> <span class='ocrx_word' id='word_1_154' title='bbox 1028 2810 1293 2863; x_wconf 80' lang='lat' dir='ltr'>Cuiusdam</span> <span class='ocrx_word' id='word_1_155' title='bbox 1324 2811 1531 2865; x_wconf 79' lang='lat' dir='ltr'>Medici.</span> 
     </span>
     <span class='ocr_line' id='line_1_23' title="bbox 571 2904 2587 2975; baseline 0.003 -18"><span class='ocrx_word' id='word_1_156' title='bbox 571 2904 655 2958; x_wconf 88' lang='lat'>11.</span> <span class='ocrx_word' id='word_1_157' title='bbox 678 2910 881 2961; x_wconf 66' lang='lat' dir='ltr'>⁴senece</span> <span class='ocrx_word' id='word_1_158' title='bbox 901 2911 1073 2963; x_wconf 85' lang='lat' dir='ltr'>Ludus</span> <span class='ocrx_word' id='word_1_159' title='bbox 1107 2912 1173 2964; x_wconf 84' lang='lat' dir='ltr'>de</span> <span class='ocrx_word' id='word_1_160' title='bbox 1203 2923 1368 2964; x_wconf 85' lang='lat' dir='ltr'>morte</span> <span class='ocrx_word' id='word_1_161' title='bbox 1402 2911 1613 2964; x_wconf 85' lang='lat' dir='ltr'>Claudii.</span> <span class='ocrx_word' id='word_1_162' title='bbox 1679 2914 1809 2975; x_wconf 76' lang='lat' dir='ltr'>Quid</span> <span class='ocrx_word' id='word_1_163' title='bbox 1840 2916 1999 2964; x_wconf 80' lang='lat' dir='ltr'>actum</span> <span class='ocrx_word' id='word_1_164' title='bbox 2029 2915 2092 2964; x_wconf 77' lang='lat' dir='ltr'>sit</span> <span class='ocrx_word' id='word_1_165' title='bbox 2122 2914 2175 2964; x_wconf 82' lang='lat' dir='ltr'>in</span> <span class='ocrx_word' id='word_1_166' title='bbox 2203 2916 2329 2965; x_wconf 75' lang='lat' dir='ltr'>coelo</span> <span class='ocrx_word' id='word_1_167' title='bbox 2363 2948 2407 2962; x_wconf 91' lang='lat'>..</span> <span class='ocrx_word' id='word_1_168' title='bbox 2425 2948 2439 2964; x_wconf 95' lang='lat'>.</span> <span class='ocrx_word' id='word_1_169' title='bbox 2471 2917 2525 2964; x_wconf 81' lang='lat' dir='ltr'>ut</span> <span class='ocrx_word' id='word_1_170' title='bbox 2552 2928 2587 2963; x_wconf 84' lang='lat' dir='ltr'>a</span> 
     </span>
     <span class='ocr_line' id='line_1_24' title="bbox 430 3011 2585 3095; baseline 0.002 -37"><span class='ocrx_word' id='word_1_171' title='bbox 430 3011 768 3070; x_wconf 65' lang='lat' dir='ltr'>cognitionibus</span> <span class='ocrx_word' id='word_1_172' title='bbox 788 3018 919 3064; x_wconf 74' lang='lat' dir='ltr'>esset.</span> <span class='ocrx_word' id='word_1_173' title='bbox 966 3016 1229 3065; x_wconf 78' lang='lat' dir='ltr'>Damnabis</span> <span class='ocrx_word' id='word_1_174' title='bbox 1240 3029 1488 3095; x_wconf 63' lang='lat' dir='ltr'>nunquam</span> <span class='ocrx_word' id='word_1_175' title='bbox 1502 3022 1598 3064; x_wconf 89' lang='lat' dir='ltr'>etc.</span> <span class='ocrx_word' id='word_1_176' title='bbox 1638 3012 1864 3081; x_wconf 82' lang='lat' dir='ltr'>(Reliqua</span> <span class='ocrx_word' id='word_1_177' title='bbox 1880 3022 1933 3064; x_wconf 88' lang='lat' dir='ltr'>et</span> <span class='ocrx_word' id='word_1_178' title='bbox 1944 3029 2154 3080; x_wconf 87' lang='lat' dir='ltr'>sequens</span> <span class='ocrx_word' id='word_1_179' title='bbox 2170 3011 2354 3080; x_wconf 81' lang='lat' dir='ltr'>pagina</span> <span class='ocrx_word' id='word_1_180' title='bbox 2365 3013 2585 3080; x_wconf 83' lang='lat' dir='ltr'>vacant.)</span> 
     </span>
    </p>
   </div>
   <div class='ocr_carea' id='block_1_8' title="bbox 569 2206 624 2658">
    <p class='ocr_par' dir='ltr' id='par_1_8' title="bbox 569 2206 624 2658">
     <span class='ocr_line' id='line_1_25' title="bbox 569 2206 624 2658; textangle 90"><span class='ocrx_word' id='word_1_181' title='bbox 569 2206 624 2658; x_wconf 45' lang='lat' dir='ltr'>9⁰89?ss</span> 
     </span>
    </p>
   </div>
   <div class='ocr_carea' id='block_1_9' title="bbox 430 3106 2584 3282">
    <p class='ocr_par' dir='ltr' id='par_1_9' title="bbox 430 3106 2584 3282">
     <span class='ocr_line' id='line_1_26' title="bbox 569 3106 2584 3182; baseline 0.001 -23"><span class='ocrx_word' id='word_1_182' title='bbox 569 3106 663 3161; x_wconf 77' lang='lat'>12.</span> <span class='ocrx_word' id='word_1_183' title='bbox 705 3110 831 3178; x_wconf 89' lang='lat' dir='ltr'>(sine</span> <span class='ocrx_word' id='word_1_184' title='bbox 860 3111 1033 3179; x_wconf 88' lang='lat' dir='ltr'>titulo)</span> <span class='ocrx_word' id='word_1_185' title='bbox 1062 3106 1187 3169; x_wconf 63' lang='lat' dir='ltr'>„Dn‘b</span> <span class='ocrx_word' id='word_1_186' title='bbox 1219 3115 1352 3181; x_wconf 85' lang='lat' dir='ltr'>patri</span> <span class='ocrx_word' id='word_1_187' title='bbox 1382 3130 1599 3182; x_wconf 81' lang='lat' dir='ltr'>vereque</span> <span class='ocrx_word' id='word_1_188' title='bbox 1633 3112 1768 3164; x_wconf 82' lang='lat' dir='ltr'>felici</span> <span class='ocrx_word' id='word_1_189' title='bbox 1801 3123 1855 3164; x_wconf 89' lang='lat' dir='ltr'>et</span> <span class='ocrx_word' id='word_1_190' title='bbox 1885 3113 2146 3181; x_wconf 84' lang='lat' dir='ltr'>purissima</span> <span class='ocrx_word' id='word_1_191' title='bbox 2177 3111 2464 3163; x_wconf 76' lang='lat' dir='ltr'>sinceritate</span> <span class='ocrx_word' id='word_1_192' title='bbox 2492 3129 2584 3164; x_wconf 79' lang='lat' dir='ltr'>ve-</span> 
     </span>
     <span class='ocr_line' id='line_1_27' title="bbox 430 3209 2005 3282; baseline 0.005 -25"><span class='ocrx_word' id='word_1_193' title='bbox 430 3209 654 3260; x_wconf 81' lang='lat' dir='ltr'>nerando</span> <span class='ocrx_word' id='word_1_194' title='bbox 692 3209 952 3264; x_wconf 82' lang='lat' dir='ltr'>Grimaldo</span> <span class='ocrx_word' id='word_1_195' title='bbox 988 3213 1250 3282; x_wconf 77' lang='lat' dir='ltr'>capellano</span> <span class='ocrx_word' id='word_1_196' title='bbox 1284 3215 1494 3265; x_wconf 77' lang='lat' dir='ltr'>Sti-abus</span> <span class='ocrx_word' id='word_1_197' title='bbox 1528 3213 1871 3265; x_wconf 82' lang='lat' dir='ltr'>Uualalfridus</span> <span class='ocrx_word' id='word_1_198' title='bbox 1907 3224 2005 3265; x_wconf 89' lang='lat' dir='ltr'>etc.</span> 
     </span>
    </p>
   </div>
   <div class='ocr_carea' id='block_1_10' title="bbox 432 3306 2591 3463">
    <p class='ocr_par' dir='ltr' id='par_1_10' title="bbox 432 3306 2591 3463">
     <span class='ocr_line' id='line_1_28' title="bbox 567 3306 2591 3377; baseline 0.003 -19"><span class='ocrx_word' id='word_1_199' title='bbox 567 3306 649 3359; x_wconf 79' lang='lat'>13.</span> <span class='ocrx_word' id='word_1_200' title='bbox 694 3310 880 3377; x_wconf 89' lang='lat' dir='ltr'>Incipit</span> <span class='ocrx_word' id='word_1_201' title='bbox 929 3311 995 3362; x_wconf 90' lang='lat' dir='ltr'>de</span> <span class='ocrx_word' id='word_1_202' title='bbox 1025 3314 1270 3365; x_wconf 81' lang='lat' dir='ltr'>aetatibus</span> <span class='ocrx_word' id='word_1_203' title='bbox 1303 3312 1629 3365; x_wconf 79' lang='lat' dir='ltr'>animantium</span> <span class='ocrx_word' id='word_1_204' title='bbox 1658 3313 1848 3366; x_wconf 81' lang='lat' dir='ltr'>Hesiod</span> <span class='ocrx_word' id='word_1_205' title='bbox 1894 3349 1911 3366; x_wconf 90' lang='lat'>.</span> <span class='ocrx_word' id='word_1_206' title='bbox 1938 3352 1951 3365; x_wconf 92' lang='lat'>.</span> <span class='ocrx_word' id='word_1_207' title='bbox 2008 3315 2112 3367; x_wconf 84' lang='lat' dir='ltr'>Ter</span> <span class='ocrx_word' id='word_1_208' title='bbox 2142 3312 2288 3366; x_wconf 87' lang='lat' dir='ltr'>binos</span> <span class='ocrx_word' id='word_1_209' title='bbox 2323 3312 2489 3365; x_wconf 61' lang='lat' dir='ltr'>decies</span> <span class='ocrx_word' id='word_1_210' title='bbox 2518 3341 2591 3353; x_wconf 91' lang='lat'>—-</span> 
     </span>
     <span class='ocr_line' id='line_1_29' title="bbox 432 3405 1211 3463; baseline 0.009 -6"><span class='ocrx_word' id='word_1_211' title='bbox 432 3405 500 3457; x_wconf 85' lang='lat'>10</span> <span class='ocrx_word' id='word_1_212' title='bbox 522 3425 571 3460; x_wconf 83' lang='lat' dir='ltr'>v.</span> <span class='ocrx_word' id='word_1_213' title='bbox 604 3435 675 3447; x_wconf 92' lang='lat'>-—</span> <span class='ocrx_word' id='word_1_214' title='bbox 707 3408 829 3460; x_wconf 89' lang='lat' dir='ltr'>deus</span> <span class='ocrx_word' id='word_1_215' title='bbox 862 3410 1051 3462; x_wconf 83' lang='lat' dir='ltr'>arbiter</span> <span class='ocrx_word' id='word_1_216' title='bbox 1082 3412 1211 3463; x_wconf 78' lang='lat' dir='ltr'>aevi.</span> 
     </span>
    </p>
   </div>
   <div class='ocr_carea' id='block_1_11' title="bbox 559 3503 1632 3979">
    <p class='ocr_par' dir='ltr' id='par_1_11' title="bbox 565 3503 1295 3563">
     <span class='ocr_line' id='line_1_30' title="bbox 565 3503 1295 3563; baseline 0.008 -5"><span class='ocrx_word' id='word_1_217' title='bbox 565 3503 651 3559; x_wconf 84' lang='lat'>14.</span> <span class='ocrx_word' id='word_1_218' title='bbox 701 3510 886 3561; x_wconf 85' lang='lat' dir='ltr'>Versus</span> <span class='ocrx_word' id='word_1_219' title='bbox 917 3505 991 3562; x_wconf 67' lang='lat'>27·</span> <span class='ocrx_word' id='word_1_220' title='bbox 1021 3511 1086 3562; x_wconf 90' lang='lat' dir='ltr'>de</span> <span class='ocrx_word' id='word_1_221' title='bbox 1118 3512 1295 3563; x_wconf 88' lang='lat' dir='ltr'>ventis.</span> 
     </span>
    </p>

    <p class='ocr_par' dir='ltr' id='par_1_12' title="bbox 559 3606 1632 3882">
     <span class='ocr_line' id='line_1_31' title="bbox 564 3606 1520 3681; baseline 0.006 -22"><span class='ocrx_word' id='word_1_222' title='bbox 564 3607 646 3660; x_wconf 83' lang='lat'>15.</span> <span class='ocrx_word' id='word_1_223' title='bbox 698 3610 780 3660; x_wconf 84' lang='lat' dir='ltr'>Ad</span> <span class='ocrx_word' id='word_1_224' title='bbox 811 3612 971 3662; x_wconf 88' lang='lat' dir='ltr'>Boree</span> <span class='ocrx_word' id='word_1_225' title='bbox 1003 3621 1173 3679; x_wconf 85' lang='lat' dir='ltr'>partes</span> <span class='ocrx_word' id='word_1_226' title='bbox 1208 3630 1284 3681; x_wconf 88' lang='lat' dir='ltr'>sq.</span> <span class='ocrx_word' id='word_1_227' title='bbox 1322 3612 1389 3666; x_wconf 82' lang='lat'>12</span> <span class='ocrx_word' id='word_1_228' title='bbox 1422 3633 1470 3665; x_wconf 78' lang='lat' dir='ltr'>v·</span> <span class='ocrx_word' id='word_1_229' title='bbox 1515 3606 1520 3615; x_wconf 46' lang='grc'><em>”</em></span> 
     </span>
     <span class='ocr_line' id='line_1_32' title="bbox 561 3684 1632 3780; baseline 0.004 -20"><span class='ocrx_word' id='word_1_230' title='bbox 561 3704 643 3760; x_wconf 88' lang='grc'>16.</span> <span class='ocrx_word' id='word_1_231' title='bbox 697 3684 933 3779; x_wconf 36' lang='lat' dir='ltr'>Tarpeio.</span> <span class='ocrx_word' id='word_1_232' title='bbox 952 3712 1205 3780; x_wconf 86' lang='lat' dir='ltr'>quondam</span> <span class='ocrx_word' id='word_1_233' title='bbox 1239 3702 1482 3769; x_wconf 83' lang='lat' dir='ltr'>consedit.</span> <span class='ocrx_word' id='word_1_234' title='bbox 1515 3712 1551 3764; x_wconf 80' lang='lat'><strong>2</strong></span> <span class='ocrx_word' id='word_1_235' title='bbox 1583 3731 1632 3765; x_wconf 79' lang='lat' dir='ltr'>v.</span> 
     </span>
     <span class='ocr_line' id='line_1_33' title="bbox 559 3804 1377 3882; baseline 0.007 -22"><span class='ocrx_word' id='word_1_236' title='bbox 559 3807 643 3862; x_wconf 88' lang='grc'>17.</span> <span class='ocrx_word' id='word_1_237' title='bbox 693 3811 891 3864; x_wconf 86' lang='lat' dir='ltr'>Literas</span> <span class='ocrx_word' id='word_1_238' title='bbox 924 3823 1004 3864; x_wconf 81' lang='lat' dir='ltr'>est</span> <span class='ocrx_word' id='word_1_239' title='bbox 1035 3824 1227 3882; x_wconf 79' lang='lat' dir='ltr'>gestam</span> <span class='ocrx_word' id='word_1_240' title='bbox 1257 3814 1296 3866; x_wconf 82' lang='lat'>2</span> <span class='ocrx_word' id='word_1_241' title='bbox 1327 3804 1377 3866; x_wconf 56' lang='lat' dir='ltr'>v.</span> 
     </span>
    </p>

    <p class='ocr_par' dir='ltr' id='par_1_13' title="bbox 559 3888 1388 3979">
     <span class='ocr_line' id='line_1_34' title="bbox 559 3888 1388 3979; baseline 0.007 -19"><span class='ocrx_word' id='word_1_242' title='bbox 559 3907 643 3961; x_wconf 88' lang='grc'>18.</span> <span class='ocrx_word' id='word_1_243' title='bbox 696 3911 806 3963; x_wconf 81' lang='lat' dir='ltr'>elio</span> <span class='ocrx_word' id='word_1_244' title='bbox 838 3924 980 3979; x_wconf 83' lang='lat' dir='ltr'>gesta</span> <span class='ocrx_word' id='word_1_245' title='bbox 1015 3933 1196 3968; x_wconf 81' lang='lat' dir='ltr'>canens</span> <span class='ocrx_word' id='word_1_246' title='bbox 1232 3914 1295 3967; x_wconf 89' lang='lat'>11</span> <span class='ocrx_word' id='word_1_247' title='bbox 1333 3888 1388 3967; x_wconf 42' lang='lat' dir='ltr'>v..</span> 
     </span>
    </p>
   </div>
   <div class='ocr_carea' id='block_1_12' title="bbox 412 3980 2608 4339">
    <p class='ocr_par' dir='ltr' id='par_1_14' title="bbox 412 3980 2608 4339">
     <span class='ocr_line' id='line_1_35' title="bbox 508 3980 2596 4105; baseline 0.004 -32"><span class='ocrx_word' id='word_1_248' title='bbox 508 4050 513 4059; x_wconf 90' lang='lat'><em>-</em></span> <span class='ocrx_word' id='word_1_249' title='bbox 585 4008 720 4075; x_wconf 89' lang='lat' dir='ltr'>Hoc</span> <span class='ocrx_word' id='word_1_250' title='bbox 750 4016 1117 4089; x_wconf 74' lang='lat' dir='ltr'>emendatior</span> <span class='ocrx_word' id='word_1_251' title='bbox 1150 4029 1275 4099; x_wconf 89' lang='lat' dir='ltr'>est,</span> <span class='ocrx_word' id='word_1_252' title='bbox 1321 3980 1687 4103; x_wconf 85' lang='lat' dir='ltr'>potissimum</span> <span class='ocrx_word' id='word_1_253' title='bbox 1726 4017 1788 4083; x_wconf 90' lang='lat' dir='ltr'>in</span> <span class='ocrx_word' id='word_1_254' title='bbox 1819 4015 2118 4098; x_wconf 77' lang='lat' dir='ltr'>GraeciS‚&#39;</span> <span class='ocrx_word' id='word_1_255' title='bbox 2158 4019 2293 4083; x_wconf 88' lang='lat' dir='ltr'>cod.</span> <span class='ocrx_word' id='word_1_256' title='bbox 2332 4015 2596 4105; x_wconf 82' lang='lat' dir='ltr'>Sangal-</span> 
     </span>
     <span class='ocr_line' id='line_1_36' title="bbox 413 4125 2595 4218; baseline 0.004 -26"><span class='ocrx_word' id='word_1_257' title='bbox 413 4127 598 4192; x_wconf 89' lang='lat' dir='ltr'>lensis</span> <span class='ocrx_word' id='word_1_258' title='bbox 630 4125 735 4213; x_wconf 89' lang='lat' dir='ltr'>(S)</span> <span class='ocrx_word' id='word_1_259' title='bbox 778 4151 903 4196; x_wconf 92' lang='lat' dir='ltr'>sec.</span> <span class='ocrx_word' id='word_1_260' title='bbox 938 4131 1029 4198; x_wconf 90' lang='lat' dir='ltr'>X.</span> <span class='ocrx_word' id='word_1_261' title='bbox 1077 4133 1189 4218; x_wconf 90' lang='lat' dir='ltr'>(N.</span> <span class='ocrx_word' id='word_1_262' title='bbox 1223 4137 1407 4218; x_wconf 81' lang='lat'>569.)</span> <span class='ocrx_word' id='word_1_263' title='bbox 1453 4136 1701 4201; x_wconf 88' lang='lat' dir='ltr'>collatus</span> <span class='ocrx_word' id='word_1_264' title='bbox 1756 4157 1890 4199; x_wconf 89' lang='lat' dir='ltr'>cum</span> <span class='ocrx_word' id='word_1_265' title='bbox 1932 4136 1981 4202; x_wconf 68' lang='lat'>2</span> <span class='ocrx_word' id='word_1_266' title='bbox 2025 4135 2099 4198; x_wconf 85' lang='lat' dir='ltr'>ab</span> <span class='ocrx_word' id='word_1_267' title='bbox 2148 4132 2203 4199; x_wconf 94' lang='grc' dir='ltr'>Ι.</span> <span class='ocrx_word' id='word_1_268' title='bbox 2243 4131 2319 4199; x_wconf 90' lang='lat' dir='ltr'>C.</span> <span class='ocrx_word' id='word_1_269' title='bbox 2357 4132 2595 4200; x_wconf 74' lang='lat' dir='ltr'>Orellio</span> 
     </span>
     <span class='ocr_line' id='line_1_37' title="bbox 412 4243 2608 4339; baseline 0.003 -30"><span class='ocrx_word' id='word_1_270' title='bbox 412 4243 557 4331; x_wconf 87' lang='lat' dir='ltr'>(Ep.</span> <span class='ocrx_word' id='word_1_271' title='bbox 592 4246 798 4313; x_wconf 86' lang='lat' dir='ltr'>critica</span> <span class='ocrx_word' id='word_1_272' title='bbox 843 4251 917 4315; x_wconf 85' lang='lat' dir='ltr'>ad</span> <span class='ocrx_word' id='word_1_273' title='bbox 947 4248 1002 4317; x_wconf 93' lang='lat' dir='ltr'>I.</span> <span class='ocrx_word' id='word_1_274' title='bbox 1034 4250 1121 4317; x_wconf 90' lang='lat' dir='ltr'>N.</span> <span class='ocrx_word' id='word_1_275' title='bbox 1148 4250 1517 4336; x_wconf 83' lang='lat' dir='ltr'>Madvigium</span> <span class='ocrx_word' id='word_1_276' title='bbox 1557 4274 1621 4319; x_wconf 87' lang='lat' dir='ltr'>v.</span> <span class='ocrx_word' id='word_1_277' title='bbox 1655 4275 1711 4320; x_wconf 90' lang='lat' dir='ltr'>c.</span> <span class='ocrx_word' id='word_1_278' title='bbox 1749 4276 1809 4339; x_wconf 79' lang='lat' dir='ltr'>p.</span> <span class='ocrx_word' id='word_1_279' title='bbox 1841 4249 2018 4317; x_wconf 85' lang='lat' dir='ltr'>XLI.</span> <span class='ocrx_word' id='word_1_280' title='bbox 2050 4273 2182 4338; x_wconf 81' lang='lat' dir='ltr'>sqq.</span> <span class='ocrx_word' id='word_1_281' title='bbox 2227 4250 2323 4325; x_wconf 76' lang='lat' dir='ltr'>M,</span> <span class='ocrx_word' id='word_1_282' title='bbox 2360 4251 2444 4316; x_wconf 90' lang='grc' dir='ltr'>Τ.</span> <span class='ocrx_word' id='word_1_283' title='bbox 2480 4248 2608 4316; x_wconf 86' lang='lat' dir='ltr'>Ci-&#39;</span> 
     </span>
    </p>
   </div>
  </div>
 </body>
</html>
