2767 4934
32 765 35 862 Ι

32 1351 35 1456 t

32 1491 35 1606 J

32 1615 35 1670 *

518 337 767 399 LUDUS
811 338 912 399 DE
954 337 1212 399 MORTE
1258 338 1585 400 CLAUDII.

1676 342 1774 401 111.
2114 342 2236 410 723

92 504 226 568 iuter
249 489 571 568 sextam'et
597 504 902 588 septimam
933 516 1083 568 erat.
1141 503 1343 569 Nimis
1368 506 1588 572 rustice
1614 507 2000 592 adquiescunt
2025 530 2236 574 omues

32 657 33 696 Τ
92 617 304 688 poetae,
363 626 484 669 nou
514 606 775 668 conteuti
810 617 977 670 ortus
1004 617 1066 671 et
1094 628 1341 672 occasus
1374 607 1749 688 describere,
1807 617 1873 673 ut
1897 610 2072 674 etiam
2106 633 2228 677 me-

93 706 221 769 dium
249 706 401 770 diem
430 707 784 790 inquietent.

875 707 975 772 Tu
1004 709 1094 772 sic
1122 708 1403 772 transibis
1432 709 1633 773 horam
1664 720 1782 774 tam
1811 710 2065 775 bonam?

274 807 413 871 Iam
453 807 728 872 medium
770 828 974 872 cum-u
1019 809 1312 874 Phoebus
1354 810 1676 875 diuiserat
1716 810 1938 877 orbem

273 908 362 973 Et
395 911 689 993 propior
730 912 908 973 nocti
944 909 1162 995 fessus
1204 910 1537 996 quatiebat
1575 911 1861 978 habenas

276 1010 555 1094 Obliquo
593 1010 838 1095 flexam
880 1006 1205 1077 deducens
1246 1015 1510 1077 tramite
1551 1014 1773 1078 lucent.

228 1109 340 1176 111.
393 1108 678 1175 Claudius
710 1112 960 1175 animam
994 1133 1172 1198 agere
1202 1114 1398 1199 coepit
1426 1135 1537 1178 nec
1567 1115 1841 1179 inuenire
1865 1115 2092 1180 exitum
2122 1139 2227 1204 po-

32 1255 33 1294 ]
89 1222 237 1275 terat.
324 1213 485 1276 Tum
516 1210 858 1277 Mercurius
891 1214 988 1298 qui
1020 1234 1256 1299 semper
1293 1215 1534 1298 ingenio
1581 1215 1709 1278 eius
1759 1215 2085 1290 delectatus
2130 1239 2230 1282 es-

90 1323 166 1375 set
186 1335 348 1377 uuam
384 1335 418 1379 e
448 1314 639 1377 tribus
671 1311 879 1378 Parcis
912 1316 1110 1378 educit
1139 1326 1201 1377 et
1230 1315 1346 1377 ait:
1396 1311 1550 1397 Quid
1574 1363 1592 1394 ,
1639 1315 1857 1380 femina
1891 1318 2229 1381 crudelissi-

90 1435 184 1494 ma,
229 1415 520 1479 hominem
554 1414 834 1478 miserum
865 1415 1126 1497 torqueri
1160 1415 1416 1499 pateris?
1460 1436 1574 1479 nec
1602 1436 1875 1500 umquam
1910 1427 2029 1480 tam
2062 1418 2226 1482 dirus

90 1516 349 1580 cruciatus
408 1518 646 1580 cesset?
745 1515 960 1579 Annus
1003 1516 1411 1600 sexagesimus
1457 1527 1518 1579 et
1558 1528 1801 1601 quartus
1846 1528 1940 1580 est
1965 1539 2064 1581 -ex
2106 1540 2226 1602 quo

89 1636 193 1679 cum
221 1619 419 1681 auiina
446 1617 722 1681 luctatur.

815 1614 971 1700 Quid
1003 1617 1137 1682 huic
1170 1628 1233 1681 et
1262 1617 1617 1701 reipublicae
1649 1619 1922 1683 inuides?
2003 1617 2222 1686 Patere
2246 1639 2274 1682 2

32 1723 33 1754 ³
89 1718 504 1784 mathematicos
552 1719 864 1801 aliquando
911 1738 1117 1782 uerum
1149 1718 1346 1781 dicere
1377 1718 1475 1801 qui
1506 1718 1666 1782 illum
1697 1739 1777 1783 ex
1807 1741 1923 1803 quo
1952 1722 2225 1806 princeps

88 1818 246 1884 factus
277 1833 374 1884 est
407 1820 678 1882 omnibus
708 1819 903 1897 anuis,
952 1819 1222 1884 omuibus
1252 1819 1553 1889 mensibus
1584 1821 1862 1884 efferunt.
1919 1818 2001 1883 Et
2026 1831 2224 1885 tamen

32 3595 35 3692 Ῑ

89 1939 184 1982 non
217 1933 306 1985 est
341 1922 595 1999 mirum,
661 1920 714 1983 si
759 1931 961 1983 errant
1002 1932 1065 1984 et
1104 1921 1308 1983 horam
1352 1921 1480 1984 eius
1527 1941 1702 1985 nemo
1744 1919 1935 1984 uouit.

89 2107 191 2154 tum
218 2110 331 2158 inter
366 2112 554 2157 sextam
588 2113 630 2157 et
661 2109 910 2169 septimam
939 2122 1036 2158 om.
1062 2120 1110 2155 e-

92 2177 164 2220 rat.
208 2175 350 2227 Curio
392 2175 452 2224 ci.
479 2181 531 2234 -t-
559 2180 677 2225 tum
712 2180 868 2225 tamen
892 2177 1024 2224 inter.
1061 2175 1108 2225 V

89 2246 401 2306 =orol09ia.

141 2326 278 2375 Nimis
321 2330 498 2377 rustice
543 2329 851 2388 adquiescunt
896 2342 986 2377 om
1002 2343 1033 2376 n
1047 2341 1071 2376 e
1086 2342 1109 2376 s

85 2396 226 2447 poetae
244 2415 308 2437 =
330 2394 467 2444 VSG
488 2393 599 2444 cod.
637 2393 764 2442 Iunii
796 2394 1005 2459 aabcgh.

89 2455 168 2508 (εἰ.
187 2492 201 2510 o
218 2493 235 2511 o
252 2496 266 2512 ο
282 2461 388 2515 ὧι.
409 2484 479 2505 =
495 2465 646 2512 Nimis
677 2465 845 2512 rmice
879 2462 984 2528 [fflu
1002 2460 1107 2514 ffiQQ

87 2542 144 2563 =
160 2531 316 2577 rustice
330 2530 371 2597 t]
400 2533 698 2592 acquiescunt
719 2544 746 2577 o
760 2533 902 2578 neri
930 2533 1110 2589 poetae.

90 2588 325 2658 Scioppius
369 2597 430 2646 ci.
465 2619 532 2640 =
561 2599 713 2645 Nimis
755 2599 953 2656 rustice,
1007 2598 1109 2644 in-

91 2660 177 2733 ‘tui
188 2674 275 2711 es:
323 2679 456 2714 cum
504 2669 662 2714 ornnes
697 2668 876 2724 poetae.
948 2662 1106 2711 Gron.

95 2738 138 2773 0¹.
166 2748 227 2790 ε,
256 2733 408 2781 Nimis
457 2735 656 2793 rustice,
706 2734 995 2793 inquies,
1046 2735 1110 2780 tu

94 2804 240 2844 nunc.
324 2802 372 2848 Η
382 2814 408 2846 o
421 2802 521 2846 rni
567 2804 727 2857 poetae
774 2814 867 2847 non
915 2801 1111 2847 contenti

96 2863 195 2909 ortus
225 2869 266 2912 et
299 2878 493 2917 occasus
525 2865 795 2923 describere,
832 2868 974 2910 etiam
1013 2878 1110 2910 me-

95 2923 197 2976 dium
244 2934 372 2978 diem
417 2932 631 2988 inquieta
647 2945 677 2975 n
693 2934 724 2975 t.
811 2927 1020 2976 Neubur
1050 2928 1109 2977 ci.

96 2999 446 3059 =acquiescunt
477 2997 701 3043 honori
728 2999 909 3055 poetae.
961 2992 1111 3040 Multi

98 3058 214 3111 codd.
243 3062 409 3111 Ruhk.
427 3084 493 3105 ==
509 3064 661 3110 Nimis
688 3064 874 3110 rustico
907 3071 1011 3121 acq.
1064 3060 1110 3108 G

96 3142 144 3168 ==
166 3133 269 3179 ubi
317 3134 460 3179 etiam
507 3130 715 3178 medium
763 3132 903 3177 diem.
987 3144 1016 3176 c
1042 3148 1111 3169 =

97 3201 178 3242 aut
219 3203 278 3253 et
312 3200 523 3246 nwdium
555 3199 679 3245 diem
707 3199 1017 3257 inquietant.
1089 3194 1115 3243 f

95 3276 146 3304 ξ
169 3267 297 3313 nisi
346 3268 488 3314 etiam
521 3266 731 3312 medium
762 3266 888 3313 diem
931 3265 1112 3324 inquie-

96 3329 180 3378 tent.
247 3331 374 3381 Cod.
406 3330 834 3381 Curionis—tam
865 3333 1052 3380 bonam.

143 3414 241 3463 Iam
271 3419 481 3466 medium
513 3430 693 3465 curru
721 3414 973 3479 ==VSGg
1002 3413 1112 3463 cod.

98 3472 188 3526 Dal·
205 3484 291 3536 δὶα
306 3485 375 3537 sto
482 3483 576 3537 &lo
593 3505 660 3525 =
679 3486 715 3533 Α
731 3485 760 3533 ι’
780 3485 989 3534 medium
1009 3498 1116 3532 ων·

96 3554 159 3593 ³¹⁸·
224 3550 317 3603 (52.
338 3585 396 3603 ...
415 3551 520 3605 9131.
544 3572 611 3592 ··—-
631 3553 735 3600 lam
769 3552 977 3599 medium
1010 3564 1117 3599 cur-

100 3620 167 3660 812·
229 3617 360 3666 V=
377 3624 421 3668 et
449 3622 644 3680 propior
674 3621 857 3668 noctis.

149 3697 273 3755 sessu
288 3716 311 3751 s
328 3724 399 3746 =
414 3701 596 3752 Vabch
628 3702 721 3755 Ql.
741 3734 798 3754 0..
819 3702 889 3754 (ἓν.

100 3756 196 3816 93)ὶί
210 3798 267 3821 00.
285 3770 389 3825 2132.
404 3792 470 3812 =
487 3771 579 3833 sess
593 3784 625 3819 a
640 3782 677 3818 s.

130 3917 133 3924 ·
473 3887 594 3953 Cap.
631 3888 721 3937 111.

154 3961 333 4020 Koeler
364 3971 427 4022 ci.
448 3976 497 4029 4
529 3973 674 4021 cum
712 3971 956 4019 claudius.
988 3969 1119 4017 νε

994 3643 1115 3765 ses

80 4030 211 4080 stm‘m
241 4034 389 4103 [duae
418 4039 620 4088 litterae
653 4037 879 4101 abrasae]
916 4049 1072 4098 agere.
1096 4046 1100 4050 ’

151 4126 290 4168 unam
323 4113 359 4172 e'
378 4127 526 4173 tribus
547 4125 715 4173 Parcis
733 4143 804 4165 =--
819 4117 1124 4185 VSGaabgh

99 4172 288 4239 mum,
399 4191 729 4246 (51.....⁸B1.
758 4212 827 4234 ε
857 4188 928 4237 de
978 4190 1124 4237 tribus

100 4239 259 4299 Parcis.
329 4256 454 4310 eod.
488 4256 649 4309 Rhea.
686 4286 755 4298 --
789 4258 955 4307 Parcis
969 4291 986 4318 ,
1035 4250 1124 4305 sed

2024 1920 2222 1985 Nemo

1175 2104 1350 2155 habuit
1367 2104 1487 2189 'eius
1508 2105 1680 2156 sedem
1705 2123 1931 2157 vacuam.
1978 2107 2139 2157 Rhea.
2156 2106 2218 2156 ci.

1175 2195 1244 2217 π·-
1262 2191 1301 2238 μ
1318 2190 1343 2224 0
1364 2192 1381 2223 ι
1398 2190 1422 2236 ρ
1437 2190 1476 2236 ,α
1496 2191 1511 2224 ι
1528 2190 1570 2231 ς.

1245 2241 1612 2291 educit=VG
1634 2236 2114 2295 G2oooog4offlu-ffo
2207 2247 2220 2260 ι

1177 2311 1209 2357 S
1235 2309 1392 2359 Gron.
1429 2308 1488 2360 ci.
1520 2311 1626 2362 (Situ
1643 2308 1747 2362 281.
1764 2331 1831 2351 =
1846 2324 1870 2358 s
1884 2311 2060 2359 educit.
2093 2325 2217 2376 pro-

1174 2375 1264 2425 bat
1295 2375 1446 2424 Orell.
1521 2376 1614 2428 (551.
1634 2397 1704 2417 =
1718 2378 1904 2426 eduxit

1240 2446 1419 2504 pateris
1432 2446 1458 2491 ’ἶ
1504 2457 1588 2493 nec
1630 2458 1859 2504 umquam
1905 2449 2004 2492 tam
2036 2446 2070 2492 d
2082 2446 2100 2491 i
2113 2457 2181 2491 ru
2195 2456 2220 2492 s

1175 2514 1335 2560 crucia
1351 2515 1448 2558 tus
1482 2515 1763 2557 cesset=
1782 2508 1843 2558 ci.
1877 2508 2026 2557 Orell.
2134 2511 2217 2557 VS

1178 2575 1387 2627 Gotabch
1418 2574 1527 2624 cod.
1564 2574 1722 2623 Rhea.
1760 2574 1870 2625 cod.
1901 2574 2027 2623 Iunii
2048 2598 2115 2619 =
2136 2590 2220 2626 nec

1177 2644 1234 2712 [S
1254 2659 1377 2710 μω.
1395 2640 1581 2707 —nec]
1617 2658 1845 2705 umquam
1877 2648 1977 2691 tam
2009 2645 2124 2693 diu
2162 2642 2218 2706 [b

1178 2741 1241 2750 —
1277 2709 1383 2777 diu]
1422 2712 1659 2760 cruciatus
1703 2725 1728 2759 e
1740 2725 1763 2760 s
1778 2709 1884 2761 set.
1951 2710 2119 2762 Iunius
2154 2710 2215 2762 ci.

1175 2802 1245 2824 =
1275 2794 1357 2829 nec
1404 2792 1631 2840 umquam
1681 2783 1745 2827 ta
1760 2796 1790 2829 n
1806 2780 1838 2828 d
1854 2793 1938 2827 em
1986 2782 2222 2828 cruciatus

1177 2853 1329 2897 cesset.
1402 2845 1496 2898 (ΞΛ.
1517 2879 1533 2896 .
1552 2881 1568 2897 .
1588 2878 1606 2897 .
1626 2848 1677 2899 <5
1694 2870 1763 2890 =
1786 2861 2065 2908 nunquam
2098 2860 2219 2896 me-

1177 2917 1373 2962 ritum
1434 2917 1500 2958 ut
1546 2914 1774 2961 tamdiu
1822 2916 2218 2963 cruciaretur?

1177 2979 1245 3029 §m
1263 3010 1321 3030 ..0
1337 2976 1440 3027 2231.
1459 2998 1524 3018 =
1541 2990 1624 3024 nec
1654 2992 1881 3039 umquam
1913 2982 2222 3037 meritum,

1176 3048 1243 3092 ut
1283 3042 1504 3090 tamdiu
1536 3045 1937 3092 cruciaretur?
1993 3044 2131 3096 {Rufi
2150 3065 2221 3089 πε

1175 3112 1351 3173 pateris
1367 3111 1392 3156 ?
1451 3122 1533 3158 nec
1577 3122 1806 3169 umquam
1848 3111 2064 3158 tamdiu
2113 3125 2220 3160 cru·

1176 3178 1445 3227 ciandus
1479 3179 1658 3223 esset.

1244 3241 1294 3291 2.
1338 3244 1463 3303 Quid
1485 3244 1592 3291 huic
1626 3246 1679 3291 et
1712 3244 2116 3302 reipublicae
2148 3245 2221 3292 in·

1177 3313 1309 3362 vides
1326 3332 1395 3353 ==
1413 3311 1464 3358 S.
1512 3307 1695 3375 probat
1730 3308 1881 3357 Orell.
1949 3310 1995 3359 V
2010 3332 2076 3352 =
2096 3311 2224 3370 Quid

1181 3382 1288 3429 huic
1308 3384 1348 3428 et
1379 3393 1408 3427 r
1421 3392 1444 3426 e
1460 3392 1525 3439 sp
1542 3393 1611 3426 on
1625 3378 1656 3425 d
1672 3380 1719 3426 it
1748 3379 1929 3426 invides
1943 3380 1968 3425 P
2006 3377 2050 3425 G
2065 3375 2222 3426 Trist.

1182 3444 1379 3511 aabcgh
1411 3445 1504 3498 (31.
1520 3443 1570 3495 2.
1602 3465 1673 3487 =
1703 3446 1829 3505 Quid
1860 3446 1968 3494 huic
1999 3446 2181 3495 invides
2199 3447 2225 3498 2

1183 3517 1243 3565 Et
1283 3514 1631 3574 respondit.
1704 3512 1795 3565 (δῶ
1823 3533 1894 3555 ==
1925 3513 2053 3572 Quid
2100 3514 2227 3575 huic,

1183 3598 1209 3631 r
1221 3596 1244 3630 e
1260 3596 1324 3642 sp
1340 3596 1366 3631 o
1380 3596 1413 3629 n
1427 3581 1459 3628 d
1473 3582 1491 3629 i
1504 3585 1551 3641 t,
1584 3582 1766 3629 invides
1781 3581 1806 3629 ?
1838 3578 2057 3630 Turneb.
2095 3578 2148 3645 (l.
2167 3576 2222 3644 1.)

1187 3647 1246 3697 ci.
1266 3671 1336 3691 ==
1354 3649 1575 3697 invides?
1613 3653 1673 3695 ut
1706 3650 2065 3709 respondit,
2098 3652 2233 3708 pate-

1187 3730 1252 3765 re.
1306 3715 1466 3765 Rhen.
1489 3713 1549 3764 ci.
1568 3737 1634 3758 .—-.-
1649 3717 1830 3765 invides
1845 3717 1870 3765 2
1909 3720 1950 3763 et
1982 3729 2008 3763 r
2020 3727 2121 3774 esp
2137 3728 2163 3762 o
2175 3729 2232 3764 n·

1188 3786 1300 3845 dit,
1335 3786 1568 3833 Patiar.
1640 3783 1779 3836 ἱἩί...
1797 3779 1901 3835 ἕὸἳ.
1919 3785 2043 3830 -et
2073 3783 2232 3841 reipu-

1190 3852 1351 3900 blicae.
1425 3848 1550 3898 Cod.
1582 3849 1738 3898 Rhen.
1755 3875 1826 3886 --
1843 3850 2055 3897 omnibus
2076 3849 2230 3898 annis.

1188 3917 1236 3966 V
1265 3915 1376 3968 cod.
1409 3915 1535 3965 Iunii
1556 3939 1626 3960 .-.-..
1657 3917 1871 3964 omnibus
1906 3927 1979 3964 me
1992 3917 2128 3963 usis
2163 3915 2232 3975 e!-

1189 3987 1356 4046 ferunt.
1393 3982 1576 4049 probat
1602 3980 1780 4033 Iunius.
1854 3981 1901 4030 G
1917 4007 1986 4020 —-
2016 3986 2083 4032 est
2116 3990 2233 4032 ante

1187 4054 1377 4101 mirum.

1256 4123 1313 4167 et
1346 4119 1513 4167 horam
1545 4119 1645 4166 eius
1672 4136 1743 4160 -ε
1761 4114 1897 4166 VSG
1927 4113 2041 4166 cod.
2073 4115 2234 4173 Rhea.

1193 4185 1304 4238 §Gi-
1410 4183 1506 4236 (³:11.
1522 4182 1573 4239 2.
1591 4183 1733 4238 iffi...
1754 4182 1860 4238 932.
1880 4211 1949 4226 -—
1970 4189 2027 4235 et.
2079 4184 2238 4252 «abug

1191 4281 1260 4291 -
1279 4256 1321 4302 et
1353 4252 1532 4302 horam.

1675 4316 1808 4384 46*
