2767 4934
1000 392 1443 457 PRAEFATIO.
2221 399 2300 463 lx

128 559 369 624 ceronis
427 518 653 623 Orator
694 568 813 624 etc.
884 556 1039 623 Tur.
1091 562 1345 643 1830).
1415 559 1667 627 Praeter
1710 562 1844 628 libri
1889 561 2301 649 Sangallensis

126 678 459 762 scripturas
498 676 745 740 multum
791 695 886 740 me
940 676 1164 742 adiuvit
1212 677 1325 744 viri
1382 678 1705 745 doctissimi
1749 681 1822 745 de
1863 680 2110 767 singulis
2152 680 2300 745 locis

128 795 459 859 sententia.

295 925 453 993 Cod.
487 925 988 1012 Guelferbytanus
1018 924 1131 1012 (G)
1171 925 1529 1015 [Extravag.
1558 934 1737 1013 292]
1771 931 2018 997 membr.
2047 940 2111 999 4.
2145 932 2291 997 min.

135 1066 257 1110 sec.
286 1044 440 1111 XV.
481 1045 610 1109 fon.
642 1053 750 1109 92.
778 1045 895 1109 col.
932 1042 987 1108 Ι.
1021 1045 1169 1111 liun.
1203 1056 1298 1112 17.
1389 1056 1564 1106 insunt
1615 1053 1666 1121 1)
1704 1058 1925 1108 Senecae
1965 1056 2137 1108 Ludu-
2177 1056 2292 1125 (ron.

139 1159 365 1231 2-16.)
416 1162 477 1231 2)
510 1162 732 1213 Petronii
763 1162 1045 1231 Satyricon.
1094 1161 1149 1230 3)
1186 1163 1348 1216 Leon.
1384 1162 1620 1214 Aretinus
1648 1161 1702 1213 in
1732 1164 2066 1219 Oeconomico
2094 1165 2297 1217 Aristo-

139 1262 259 1317 td'n.
332 1259 387 1331 4)
424 1262 746 1330 Heliogabali
799 1262 963 1314 oratio
996 1263 1062 1315 ad
1092 1263 1399 1316 meretrices.
1471 1262 1644 1314 Codex
1675 1262 1875 1315 videtur
1903 1264 1957 1315 in
1989 1265 2137 1317 Italia
2164 1265 2296 1317 scri-

131 1371 243 1432 ptus
275 1381 387 1414 esse
408 1373 529 1433 post
554 1363 813 1415 inventam
845 1374 1005 1415 artem
1036 1364 1469 1433 typographicam.
1509 1363 1646 1432 (Fuit
1668 1363 1935 1432 aliquando
1952 1365 2166 1416 Parisios
2196 1365 2295 1416 de-

132 1461 296 1532 latus.)
380 1465 484 1516 Hic
531 1464 647 1516 eod.
696 1473 753 1515 ut
800 1463 1053 1517 recentior
1067 1502 1083 1530 ,
1132 1465 1206 1517 ita
1249 1464 1413 1517 multo
1458 1463 1680 1516 deterior
1726 1473 1804 1514 est
1837 1463 2210 1517 valentianensi
2242 1475 2296 1518 et

128 1564 455 1633 Sangalleusi.

292 1680 551 1746 Praeter
575 1679 729 1746 Iunii
760 1681 1023 1747 codicem
1051 1681 1166 1748 iam
1197 1659 1582 1747 memoratum
1610 1682 1747 1748 olim
1772 1683 1970 1747 collati
1994 1692 2133 1748 sunt
2153 1683 2287 1748 cod.

131 1797 737 1884 weissenburgensis
788 1799 963 1883 (cod.
1003 1776 1248 1884 Rhen.)
1291 1822 1328 1864 a
1359 1798 1553 1865 Beato
1586 1800 1879 1865 Rhenano
1917 1801 2081 1884 (02⁵¹.
2110 1802 2204 1883 2.)
2228 1801 2292 1883 “)

134 1924 198 1979 et
228 1915 362 1978 cod.
391 1911 660 1981 Curionis
692 1916 804 2000 ((ξ)
836 1917 1040 1981 nescio
1070 1902 1224 2003 quis‚·
1271 1938 1521 2003 quorum
1556 1916 1648 1980 hic
1673 1928 1835 1980 certe
1868 1914 2107 1981 Graeca
2140 1937 2292 1980 non-

129 2053 412 2117 nusquam
445 2043 710 2119 praestat
731 2034 925 2098 minus
953 2014 1254 2120 corrupta,
1301 2034 1355 2098 si
1391 2032 1537 2096 fides
1564 2031 1770 2095 haberi
1795 2042 1992 2117 potest
2013 2028 2285 2099 Curioni.

134 2146 421 2215 Gruterus
452 2148 614 2214 Ludi
647 2160 831 2214 mstos
864 2172 983 2215 non
1015 2150 1254 2215 habuit:
1303 2171 1439 2216 nam
1467 2169 1549 2213 ex
1582 2144 1719 2213 Col.
1758 2149 1853 2213 hic
1883 2149 2115 2215 libellus
2158 2161 2292 2215 erat

126 2270 441 2347 exsectus,
505 2266 570 2330 iu
608 2266 855 2351 reliquis
906 2289 1025 2332 non
1068 2269 1285 2332 fuerat.
1377 2263 1719 2333 Gronovius
1774 2267 1867 2332 bis
1909 2267 2109 2333 laudat
2148 2269 2283 2333 cod.

123 2383 608 2465 Harlemensem‚
653 2381 895 2470 Lipsius
940 2383 1120 2471 (Epp.
1159 2382 1627 2469 Q.).aliquoties
1671 2406 1896 2464 suum„

285 2516 363 2582 In
396 2517 718 2604 Ruhkopfii
759 2538 930 2581 usum
966 2516 1356 2599 Bredowius,
1403 2517 1542 2582 olim
1574 2516 1743 2582 Prof.
1780 2516 2037 2582 Helmst.
2059 2564 2078 2598 ,
2125 2519 2287 2583 codi-

123 2656 219 2700 ces
257 2633 575 2700 Parisinos
616 2635 726 2699 bos
773 2636 1138 2700 contulerat:

249 2771 302 2806 α.
360 2753 498 2821 (mss.
531 2752 594 2803 1..
629 2728 681 2804 u.
715 2748 890 2820 6630.)
927 2752 1137 2804 membr.
1172 2768 1273 2804 sec.
1305 2750 1452 2805 xm.

253 2855 307 2922 β.
357 2853 500 2912 (mss.
525 2854 588 2904 L.
621 2869 675 2903 n.
703 2849 876 2921 8717.)
923 2854 1133 2905 membr.
1180 2870 1282 2905 sec.
1329 2853 1472 2905 XIV.
1557 2852 1724 2918 „Fuit
1764 2854 1865 2906 Iac.
1909 2857 2037 2922 Aug.
2067 2855 2284 2921 Thmui,

119 2962 295 3021 postea
341 2952 566 3004 Colberti
581 2992 598 3019 ,
650 2971 764 3005 cum
812 2953 1112 3021 epigraphe:
1163 2952 1326 3005 Annei
1369 2953 1514 3005 Lucii
1548 2957 1738 3007 Senece
1770 2954 1835 3006 de
1868 2964 2031 3006 morte
2068 2955 2284 3018 Claudii,

120 3054 205 3122 qui
246 3052 432 3104 dicitur
471 3053 619 3105 ludus
667 3057 885 3106 Senecae
901 3090 927 3119 ,A
971 3053 1100 3105 liber
1129 3052 1323 3121 incipit.
1394 3055 1629 3122 Sequitur
1671 3055 1989 3123 Epigramma
2037 3055 2283 3107 Martialis

120 3155 189 3216 V,
206 3149 297 3203 42.
327 3154 494 3205 neseio
529 3170 683 3222 quare
715 3153 1036 3222 adscriptum.
1087 3154 1298 3205 Bredow
1331 3154 1480 3207 amic.
1509 3153 1736 3204 monuit:
1785 3190 1819 3216 ‚,
1837 3156 2084 3216 „Omnem
2117 3155 2285 3205 varie-

119 3261 282 3304 tatem
311 3253 451 3304 huius
480 3272 604 3307 auro
639 3263 693 3304 et
730 3252 990 3305 'coloribus
1040 3252 1342 3306 ornatissimi
1380 3252 1567 3303 codicis
1619 3268 1885 3320 excerpere
1917 3252 2121 3320 gravior
2153 3261 2287 3303 esset

116 3353 277 3416 labor,
314 3371 463 3423 quam
493 3354 686 3423 Augiae
718 3328 966 3406 stabulum
998 3371 1225 3423 purgare.
1295 3354 1550 3407 Nonnulla
1582 3355 1778 3406 tantum
1792 3389 1811 3416 ,
1846 3371 1973 3423 quae
2004 3361 2284 3406 memoratu

115 3455 270 3524 digna
321 3473 431 3507 esse
478 3455 743 3519 videntur,
799 3455 1092 3507 adscribam.
1132 3456 1347 3509 Versus
1376 3440 1482 3520 illi,
1535 3455 1590 3507 ni
1623 3455 1802 3520 fallor,
1856 3455 2102 3511 Martialis
2134 3463 2279 3507 sunt:

114 3573 219 3609 non
252 3555 442 3620 video,
476 3557 597 3624 quid
630 3556 732 3607 hoc
764 3556 881 3607 loco
913 3552 1011 3607 sibi
1042 3556 1256 3608 veliutf‘
1277 3558 1311 3588 ‘⁴

249 3658 424 3726 e..(u
461 3653 633 3725 1936.)
668 3657 880 3709 membr.
916 3655 1037 3740 olim
1070 3655 1224 3707 Ducis
1257 3655 1324 3707 de
1362 3655 1618 3722 Bethune,
1652 3658 1924 3711 sec.X1V·

246 3757 303 3809 d.
357 3758 432 3826 (n.
463 3753 638 3824 6389.)
673 3757 882 3810 membr.
913 3774 1014 3810 sec.
1047 3756 1191 3810 XIV.
1675 3796 1682 3801 κ

244 3874 292 3908 e.
350 3858 426 3926 (n.
459 3857 632 3947 5055.)
670 3856 862 3929 cham,
899 3856 1020 3908 olim
1059 3857 1315 3920 Golberti‚
1348 3872 1450 3909 sec.
1486 3859 1629 3911 XIV.
1666 3866 1754 3910 aut
1785 3858 1853 3909 iu.
1888 3857 2005 3912 XV.

243 3958 288 4008 f.
348 3958 423 4025 (n.
458 3938 633 4026 6395.)
670 3958 881 4009 membr.
917 3958 1098 4010 eodem
1129 3967 1358 4027 tempore
1391 3958 1623 4026 scriptus.

204 4125 246 4176 *)
275 4121 541 4167 Editio-em
564 4123 712 4180 ipsius
737 4088 952 4169 Rhenani
987 4088 1162 4180 (fissit.
1190 4124 1336 4178 1515.)
1378 4135 1469 4168 non
1497 4123 1695 4169 contuli:
1747 4125 1831 4170 sed
1855 4126 2057 4183 repetita
2079 4127 2156 4172 est
2179 4132 2284 4184 post

112 4218 284 4261 μικοο
310 4218 493 4251 meum
519 4206 566 4251 iu
593 4209 673 4255 (ΣΙ.
727 4209 826 4253 Nec
854 4209 1047 4265 contigit
1070 4208 1185 4254 mihi
1210 4212 1425 4253 excutere
1460 4209 1709 4255 editionem
1733 4210 1851 4255 Ludi
1877 4210 2156 4269 prIncipemz
2192 4211 2285 4256 Iau-

114 4290 175 4335 cii
195 4290 376 4337 Amet
402 4290 609 4338 Senecae
633 4290 684 4339 in
708 4297 856 4340 morte
882 4293 1069 4340 claudii
1095 4292 1318 4349 caesaris
1340 4293 1480 4339 ludus
1504 4307 1651 4353 nuper
1674 4298 1900 4353 repertus.
1946 4297 1990 4342 4.
2014 4309 2052 4344 s.
2077 4297 2110 4342 1.
2139 4299 2191 4342 et
2211 4307 2257 4341 a.
