2767 4934
411 337 541 407 664

1082 334 1148 395 L.
1193 330 1493 395 ANNAEI
1540 326 1888 391 SENECAE

421 508 651 592 aliqua
679 522 844 589 pars
872 509 1098 566 terrae
1126 501 1301 566 uelut
1331 498 1645 564 calumnis
1674 494 2050 581 quibusdam
2084 514 2169 559 ac
2202 496 2363 579 pilis
2401 500 2601 563 susti-

424 616 619 677 netur
651 604 876 691 quibus
913 605 1164 668 uitiatis
1193 625 1277 667 ac
1303 597 1752 667 recedentibus
1792 597 2007 661 tremit
2044 597 2309 679 pandus
2349 599 2602 682 inposi-

377 722 405 764 6
427 717 577 773 tum.
658 705 953 791 sortasse
980 704 1205 769 calida
1236 707 1338 769 uis
1368 704 1640 787 spivitus
1668 702 1740 764 iu
1772 701 1982 784 iquem
2010 716 2213 762 uena
2240 705 2306 762 et
2331 697 2603 783 fulmini

421 809 649 875 similis
681 828 823 872 cum
853 827 1090 891 mamea
1130 814 1356 890 straye
1400 803 1786 868 obstantium
1812 799 2071 885 fertur.
2150 797 2449 883 sanasse
2472 822 2600 886 pa-

426 912 665 974 lustres
707 916 770 973 et
811 911 1100 972 iacentes
1140 928 1347 991 aquas
1390 906 1626 989 aliquis
1661 901 1862 988 flatus
1901 901 2159 984 inpellit
2190 909 2257 965 et
2289 902 2451 968 inde
2488 912 2606 968 aut

427 1014 594 1075 ictus
628 1018 874 1074 terram
910 1013 1116 1093 quatit
1147 1016 1261 1072 aut
1288 1008 1563 1091 spiritus
1593 1005 1867 1089 agitatio
1898 1004 2045 1086 ipso
2078 1010 2252 1067 motu
2295 1023 2613 1071 crescens

428 1119 492 1176 et
533 1133 607 1177 sc
648 1113 929 1174 imitans
970 1110 1054 1174 ab
1097 1112 1226 1173 imo
1267 1111 1338 1172 iu
1378 1127 1627 1171 summa
1663 1125 1860 1189 usque
1898 1102 2264 1188 perfertur.
2351 1104 2611 1171 Nullam

433 1224 627 1276 tannen
671 1210 752 1274 ini
798 1213 991 1297 placet
1033 1231 1274 1275 causam
1316 1220 1512 1272 motus
1556 1226 1694 1271 esse
1735 1205 2020 1269 maiorem
2071 1225 2244 1289 quam
2300 1207 2611 1290 spiritum.

430 1311 618 1377 XXI.
662 1311 859 1380 Nobis
905 1333 1137 1396 quoque
1180 1312 1373 1396 placet
1415 1311 1570 1373 hunc
1611 1307 1878 1393 spiritum
1913 1325 2049 1370 esse
2086 1305 2184 1390 qui
2214 1307 2410 1391 possit
2444 1319 2615 1375 tanta

432 1415 672 1493 conari,
737 1437 852 1499 quo
889 1414 1031 1485 nihil
1064 1423 1159 1476 est
1203 1413 1265 1475 in
1307 1432 1505 1475 rerum
1551 1420 1760 1473 natura
1806 1407 2139 1492 potentiuS,
2200 1408 2347 1472 nihil
2377 1411 2614 1491 acrium,

434 1517 564 1578 sine
623 1537 738 1598 quo
800 1536 909 1577 nec
966 1515 1062 1576 ina
1119 1513 1347 1596 quidem
1406 1530 1555 1594 quae
1608 1507 2123 1573 uehementissima
2179 1521 2319 1573 sunt
2376 1512 2613 1578 ualent.

431 1612 635 1698 Ignem
681 1615 922 1700 spiritus
966 1615 1247 1677 concitat.

1337 1631 1564 1696 aquae,
1627 1610 1677 1674 si
1720 1619 1957 1673 uentum
1982 1609 2316 1689 ⁴detrahas,
2379 1612 2617 1678 inertes

434 1725 605 1778 sunu
671 1725 809 1779 lunc
842 1716 1072 1779 demum
1102 1714 1360 1799 inpetum
1397 1722 1670 1791 sumunt,
1731 1732 1861 1775 cum
1898 1710 2030 1774 illas
2059 1711 2182 1795 agit
2209 1712 2386 1775 flatus
2415 1724 2486 1777 et
2514 1737 2614 1800 pa·

437 1825 557 1879 test
588 1816 874 1902 dissipare
910 1837 1120 1901 magna
1164 1815 1352 1900 spatia
1402 1825 1689 1877 terrarum
1722 1823 1785 1876 et
1816 1833 2005 1875 nouos
2036 1822 2269 1875 montes
2301 1814 2617 1881 subiectus

387 1937 416 1980 2
442 1918 732 1981 extollere
759 1929 819 1981 et
849 1919 1071 1981 insulas
1105 1939 1223 1981 non
1253 1926 1391 1980 aule
1423 1915 1584 1979 uisas
1613 1915 1677 1978 in
1705 1913 1897 1976 medio
1926 1912 2076 1976 mari
2107 1935 2357 1998 ponere.

2452 1915 2620 1982 The-

437 2038 546 2081 ren
588 2029 651 2082 et
685 2018 1031 2083 Therasiam
1078 2029 1139 2082 et
1176 2011 1331 2081 hauc
1375 2027 1617 2080 nostrae
1658 2013 1870 2078 aetatis
1910 2013 2161 2077 insulam
2206 2018 2619 2100 spectantibus

437 2119 608 2182 uobis
637 2120 698 2183 in
732 2120 982 2204 Aegaeo
1016 2119 1160 2182 mari
1194 2129 1422 2197 natam,
1472 2118 1601 2203 quis
1633 2117 1894 2195 dubitet,
1946 2115 2086 2200 quin
2117 2116 2181 2178 in
2213 2116 2405 2181 lucem
2437 2119 2619 2202 spiri-

500 2255 696 2315 sortcsse
736 2258 899 2317 aliqua
928 2270 1082 2317 pars
1114 2261 1351 2304 terrae=
1369 2254 1481 2301 BEe

440 2322 484 2367 G
508 2322 595 2368 1‘4.
618 2321 724 2370 Col.
746 2325 795 2375 28
816 2356 873 2374 ...
892 2324 952 2376 Q.
1058 2321 1149 2371 1³3.
1186 2320 1353 2380 „hanc
1384 2337 1484 2385 pe-

437 2386 632 2437 riodum
668 2387 891 2438 omisit.“
959 2391 1009 2443 OE
1028 2422 1086 2443 0..
1106 2389 1154 2442 s?
1173 2409 1243 2430 =
1267 2391 1484 2437 Fortasse

439 2459 603 2518 aliqua
635 2462 796 2519 parte
834 2463 1001 2508 terrae.
1070 2458 1111 2507 G
1139 2454 1244 2505 Col.
1279 2478 1348 2499 ====
1379 2457 1485 2517 qui-

440 2526 681 2573 busdam
713 2528 891 2575 vitiatis
914 2541 973 2575 ac
1004 2540 1096 2576 rec.
1145 2526 1487 2587 ffi=quibus-

443 2593 586 2641 dam
636 2595 909 2643 viaticis
958 2609 1016 2643 ac
1065 2594 1214 2643 reced.
1287 2591 1380 2645 (32¹1.
1416 2611 1487 2633 =

445 2660 665 2717 Quibusd
682 2675 775 2708 am
808 2664 872 2708 ia
889 2676 936 2709 m
967 2663 1146 2709 vitiatis
1177 2673 1235 2708 ac
1257 2660 1411 2708 reced.
1449 2659 1487 2705 B

446 2719 534 2772 1³4.
564 2746 632 2767 ε.-
659 2729 828 2786 quibus
873 2729 1161 2788 inpulsis
1193 2740 1254 2775 ac
1284 2738 1377 2774 rec.
1447 2725 1488 2776 E

441 2789 544 2836 mG
580 2791 713 2840 Fort.
740 2810 818 2840 ω.

510 2851 560 2903 6.
602 2858 821 2907 Ee=in
851 2861 1008 2920 iynem
1039 2864 1220 2909 versat
1251 2864 1294 2908 et
1326 2860 1480 2921 fulmi-

443 2925 510 2971 m'.
581 2926 696 2973 B-
718 2931 761 2975 et
792 2936 910 2975 ante
943 2929 1145 2988 fulmini.
1218 2926 1263 2975 G
1282 2931 1375 2989 (cr.
1402 2930 1487 2988 ω)

444 3012 511 3032 =
536 2996 578 3040 et
608 2994 885 3055 fulminum
918 2997 1103 3044 similis.
1177 2996 1211 3043 B
1229 3009 1489 3057 =m09na

444 3061 726 3110 obstantium
754 3067 923 3124 straye.
963 3065 998 3111 Β
1016 3085 1082 3106 =
1099 3077 1129 3111 a
1146 3079 1170 3112 c
1188 3065 1406 3112 iacentes.
1445 3063 1490 3110 G

446 3130 589 3188 (⁸0³)
608 3149 673 3169 =
687 3132 817 3192 aliqu
833 3145 863 3179 a
876 3145 900 3179 s
932 3133 1089 3193 flatus.
1143 3133 1179 3179 B
1193 3152 1263 3173 =
1278 3133 1329 3179 in
1362 3143 1493 3178 sum-

443 3207 525 3242 ma
567 3210 712 3256 usque
758 3200 1045 3261 profertur.
1092 3204 1249 3247 tamen
1282 3199 1353 3245 illi
1379 3200 1492 3258 pla-

444 3266 511 3309 cet
530 3261 722 3326 [XXI.]
741 3266 864 3312 hunc
885 3268 1103 3325 spiritum
1136 3278 1230 3314 esse
1263 3262 1371 3313 rell.
1390 3279 1491 3312 om.

447 3326 570 3388 G(m
582 3333 667 3390 ω)
682 3327 771 3379 1²4.
794 3330 899 3380 Col.
915 3358 976 3372 --
993 3334 1219 3380 maiorem
1253 3339 1371 3397 post
1392 3345 1494 3380 ma-.

451 3399 527 3443 tus
561 3410 671 3445 esse.

809 3463 933 3530 Cap.
970 3464 1117 3513 XXI.

511 3530 593 3588 qui
622 3532 769 3589 possit
797 3535 930 3580 tanta
963 3535 1213 3582 conari==
1240 3531 1333 3579 BE.
1442 3530 1490 3578 G

445 3597 496 3649 Β
512 3627 572 3647 0..
591 3594 642 3648 ,Ε
659 3618 724 3638 -·=
742 3599 825 3657 qui
856 3603 990 3648 tanta
1020 3603 1168 3660 possit
1200 3602 1377 3649 conari.
1452 3600 1488 3646 Β

443 3685 514 3706 =
530 3665 678 3724 quia
710 3666 824 3713 nihil
841 3670 907 3714 est
940 3667 990 3714 in
1014 3672 1191 3715 natura
1218 3680 1377 3715 rerum
1402 3681 1491 3727 po·

443 3735 612 3781 tentius
641 3735 704 3781 vi
738 3735 913 3781 aeris
944 3736 1043 3782 sine
1077 3747 1183 3793 quo.
1235 3735 1489 3794 13=quae

409 3813 418 3822 ²
443 3803 552 3848 sunt
577 3802 989 3852 vehementissima.
1041 3800 1231 3862 (ἥκω)
1249 3822 1315 3842 =
1334 3814 1488 3861 aquae

444 3868 486 3913 si
534 3873 721 3916 ventum
772 3871 999 3919 trahas.
1072 3868 1107 3915 B
1134 3889 1202 3911 =
1236 3870 1363 3917 Tunc
1417 3869 1449 3916 d
1465 3881 1488 3916 e

442 3947 491 3981 m
504 3939 559 3982 ot
576 3949 608 3983 u
639 3937 861 3997 impetum
895 3940 1097 3986 sumunt.

511 4005 568 4048 et
596 4008 744 4062 potest
775 4005 1008 4066 dissipare
1024 4026 1092 4045 =
1107 4005 1197 4053 EG
1218 4004 1305 4052 Gr.
1337 4000 1486 4051 codd.

446 4068 563 4128 Ops·
596 4069 746 4121 ffiffl.
853 4071 1359 4132 affl..„.ss=qui
1403 4085 1491 4131 po-

442 4135 527 4187 test
559 4133 805 4194 dissipare.

509 4201 550 4244 et
586 4212 730 4247 novos
761 4209 937 4253 montes
969 4218 1035 4251 su
1055 4207 1303 4254 biectus
1342 4206 1486 4253 extol-

441 4266 532 4311 lere
552 4285 616 4304 =
635 4265 704 4310 Ee
723 4267 819 4314 mG
854 4267 984 4323 codd
1036 4272 1155 4333 Ops.
1187 4270 1328 4319 Anio.
1354 4269 1485 4318 Scal.

1553 2250 1709 2303 Trist.
1730 2250 1791 2300 ci.
1805 2250 2012 2299 Fortun.
2034 2251 2186 2303 imon.
2291 2252 2330 2299 B
2350 2252 2504 2301 Fort.
2523 2252 2615 2305 1²3.

1551 2319 1700 2374 ssssl.
1715 2320 1803 2372 mu
1820 2341 1885 2360 ==
1902 2323 1943 2366 et
1976 2333 2119 2368 novos
2151 2324 2328 2368 mantes
2352 2323 2618 2373 subiectos

1552 2390 1777 2437 extollere.
1815 2385 1902 2435 1³4.
1920 2406 1990 2428 =
2008 2390 2049 2435 et
2079 2401 2225 2435 novos
2257 2393 2441 2437 montes
2478 2404 2505 2438 s
2521 2393 2550 2438 b
2566 2393 2617 2439 ι’-

1551 2453 1692 2507 σίὄε
1742 2457 1973 2502 extollere.
2046 2453 2091 2502 G
2125 2452 2231 2503 Col.
2262 2476 2333 2497 =
2362 2460 2406 2504 et
2468 2471 2620 2508 novos

1551 2527 1726 2572 montes
1755 2524 1972 2570 subtus
2005 2523 2232 2570 extollere.
2305 2522 2406 2575 32.
2421 2523 2616 2579 ...932

1554 2590 1749 2644 ,περι
1780 2603 1924 2638 novos
1949 2593 2124 2638 montes
2154 2591 2499 2641 subrectas
2536 2607 2618 2643 ex·

1554 2660 1723 2707 tollere.

1622 2722 1672 2773 2.
1713 2726 1884 2773 Theren
1917 2728 1958 2772 et
1995 2725 2267 2773 Therasiam
2300 2729 2343 2773 et
2376 2727 2512 2776 hanc
2533 2743 2619 2778 no·

1553 2797 1679 2842 strae
1711 2794 1878 2840 aetatis
1922 2793 2128 2839 insulam
2174 2795 2501 2852 spectantibus
2533 2810 2619 2845 no·

1558 2862 1628 2909 bis
1661 2862 1712 2908 in
1747 2865 1926 2920 Aeyaeo
1959 2861 2084 2908 mari
2118 2863 2353 2921 natam,
2386 2863 2502 2923 quis
2521 2864 2614 2912 du-

1558 2930 1721 2987 bitet,
1755 2928 1866 2988 quin
1897 2928 1948 2974 in
1981 2929 2131 2975 lucem
2162 2928 2357 2987 spiritus
2387 2932 2614 2979 vexerit?

1559 2996 1634 3044 Ita
1667 2990 1982 3042 scribendum
2015 2991 2224 3041 videtur.
2299 2996 2371 3043 Ee
2394 3017 2468 3037 =
2498 3000 2616 3047 The-

1555 3077 1682 3112 rem
1715 3065 1757 3110 et
1793 3063 2062 3109 Ther-acm
2085 3079 2163 3111 ω.
2232 3059 2413 3111 Ρ3.-.-..-
2434 3078 2616 3124 ponere

1561 3131 1734 3179 Theren
1769 3133 1811 3176 et
1846 3130 1996 3177 Them
2013 3142 2045 3175 a
2058 3143 2106 3177 m
2155 3134 2198 3179 et
2247 3131 2372 3181 hanc
2420 3137 2617 3182 nostrae

1559 3199 1728 3246 aetatis
1773 3197 1977 3243 insulam
2024 3199 2338 3258 spectantibus
2385 3200 2525 3248 nobis
2565 3202 2617 3249 in

1559 3278 1625 3325 e9
1642 3277 1704 3312 es
1739 3265 1863 3310 mari
1892 3267 2054 3312 nata.
2093 3262 2199 3313 col.
2217 3285 2291 3306 -=-
2300 3279 2471 3326 ponere
2494 3268 2614 3315 The·

1558 3345 1682 3380 rem
1733 3334 1776 3380 et
1811 3331 2098 3379 Thera-iam
2145 3333 2270 3381 hanc
2301 3337 2485 3381 nostrae
2523 3347 2611 3382 ae·

1559 3400 1670 3447 talis
1688 3399 1910 3458 insulam,
1944 3403 2084 3458 spect.
2117 3402 2252 3449 nobis
2282 3403 2332 3449 in
2346 3402 2467 3461 Ερεο
2493 3413 2606 3448 ma-

1557 3468 1602 3516 ri
1635 3469 1833 3515 naula
1876 3467 1983 3524 quis
2015 3466 2242 3516 dubitat.
2311 3469 2356 3516 G
2387 3488 2456 3509 =
2489 3469 2608 3517 The-

1555 3546 1682 3581 rem
1714 3537 1756 3581 et
1776 3534 2096 3581 Therenam.
2147 3536 2288 3584 Hanc
2319 3539 2508 3584 nostrae
2528 3549 2610 3584 ae·

1554 3602 1666 3648 latis
1699 3602 1905 3648 insulam
1936 3604 2249 3660 spectantibus
2295 3606 2431 3651 nobis
2462 3606 2511 3651 in
2544 3605 2608 3652 E·

1554 3680 1638 3728 9eo
1671 3669 1797 3716 mari
1843 3671 2044 3715 nauta
2079 3667 2150 3734 [m
2185 3671 2470 3735 natatum]
2505 3671 2607 3732 quis

1556 3737 1762 3782 dubitat
1793 3737 1907 3794 quin
1939 3736 1991 3783 in
2022 3736 2172 3785 lucem
2203 3740 2402 3797 spiritus
2449 3750 2609 3787 vexe-

1555 3815 1690 3850 eser
1706 3803 1721 3848 i
1737 3805 1755 3849 t
1772 3803 1796 3849 ?
1834 3801 1969 3848 Fon-t.
1988 3823 2057 3843 =
2077 3801 2240 3865 There,
2275 3810 2319 3853 et
2339 3807 2608 3866 Themam,

1556 3873 1597 3917 et
1631 3870 1752 3916 hauc
1784 3873 1970 3917 nostrae
1992 3874 2159 3919 aetatis
2176 3873 2403 3920 insulam.
2448 3870 2605 3922 Codd.

1558 3937 1676 3999 Ops.
1710 3935 1893 4000 partim
1918 3957 1988 3978 -·--
2022 3940 2535 3998 Thereylheraam
2569 3944 2613 3988 et

1556 4005 1679 4051 hanc
1712 4008 1895 4051 nostrae
1928 4007 2097 4053 aetatis
2144 4008 2354 4055 insulam
2392 4013 2611 4068 spectan-

1557 4072 1678 4119 tibus
1725 4073 1857 4119 uobis
1906 4073 1955 4120 in
1991 4075 2101 4134 Aea.
2173 4072 2358 4138 partim
2391 4096 2460 4117 -·-=
2498 4077 2611 4124 The·

1555 4150 1682 4186 rem
1716 4142 1758 4186 el
1793 4140 1829 4185 T
1829 4140 2015 4186 heram
2049 4145 2238 4189 nostrae
2271 4144 2443 4191 aetatis
2480 4144 2612 4191 insu·

1556 4206 1654 4252 las
1688 4219 1758 4265 sp.
1794 4207 1925 4253 uobis
1973 4207 2022 4254 in
2056 4209 2168 4269 Λευ.
2209 4223 2274 4257 m.
2312 4214 2500 4258 natas.
2576 4209 2610 4257 Β

1555 4291 1624 4313 ==
1658 4273 1872 4321 Thercm
1910 4277 1953 4322 et
1991 4274 2259 4326 Theraam
2303 4281 2495 4327 nostrae
2528 4290 2609 4327 ae·
