2767 4934
697 347 974 412 NATUR.
1020 348 1336 426 QUAEST.
1381 351 1523 416 Lm.
1565 355 1702 431 vlt,
1749 364 1808 420 7.
2202 362 2333 431 689

144 512 394 578 deinde
445 515 682 578 itemm
734 518 1044 598 proximo
1085 517 1196 583 die
1235 539 1321 584 ac
1359 520 1762 605 sequentibus
1815 535 2212 612 consumere
2265 539 2330 600 et

141 614 440 680 eumdem
473 616 682 680 locum
716 616 1143 702 inflammare.
1241 619 1548 686 Uidemus
1573 625 1741 687 enim
1769 634 1998 691 uentos
2017 648 2152 711 per
2177 650 2327 695 cou-

130 718 379 801 plures
413 717 555 782 dies
585 716 679 782 acl
724 721 1134 783 coustitutum
1176 721 1422 786 redire.
1501 724 1780 807 pluuiae
1811 737 2062 812 ‘quoque
2091 738 2153 793 et
2183 732 2325 797 alia

138 825 600 901 tempestatum
625 838 880 902 ,qenera
909 820 1003 884 ad
1030 824 1514 905 praescriptum
1543 832 1984 892 revertuntur.
2071 828 2154 894 Ut
2186 831 2323 896 bre·
2345 851 2372 893 s

139 919 310 984 niter
342 929 540 982 autem
574 920 937 984 uoluntatem
970 921 1098 984 eius
1136 913 1459 1007 exprim'am
1480 970 1500 1002 ‚
1549 926 1753 989 eadem
1788 927 1917 991 fieri
1949 929 2182 994 ratione
2216 931 2325 997 hos

138 1029 418 1100 cometas
450 1020 755 1084 existimat
786 1041 902 1104 qna
932 1022 1079 1085 fiunt
1106 1021 1548 1105 ignes.turl)ine
1578 1026 1776 1094 eiecti.
1866 1027 2000 1094 Hoc
2027 1051 2203 1095 unum
2234 1034 2326 1097 in-

139 1130 372 1199 terest,
437 1121 590 1204 quod
619 1121 701 1184 illi
736 1121 999 1186 turbines
1028 1142 1109 1186 ex
1141 1124 1432 1207 superiori
1464 1136 1631 1209 parte
1660 1127 1724 1190 in
1761 1139 1952 1194 terras
1990 1131 2326 1217 deprimun-

140 1232 286 1299 tur,
350 1221 511 1286 hide
548 1222 798 1285 terrain
834 1223 1141 1308 superiora
1183 1225 1535 1292 eluctantur.
1625 1225 1773 1293 vll.
1821 1228 2130 1295 Aduersus
2175 1234 2323 1299 baec

137 1321 333 1386 multa
377 1323 670 1386 dicuntur.
759 1321 1022 1387 Primum
1064 1324 1116 1387 si
1162 1335 1374 1388 uentus
1419 1325 1479 1388 in
1523 1347 1702 1390 causa
1748 1340 1943 1407 esset,
2012 1352 2322 1415 numquam

136 1434 412 1487 cometes
455 1423 585 1487 sine
625 1434 805 1487 uento
840 1425 1185 1509 adpareret:
1248 1446 1408 1488 nnnc
1437 1436 1630 1489 autem
1665 1437 1727 1489 et
1770 1429 2134 1511 quietissimo
2177 1454 2319 1498 aere

137 1525 415 1608 adparet.
492 1524 702 1587 deiude
735 1524 786 1587 si
822 1534 1003 1588 uento
1037 1525 1229 1603 fieret,
1278 1547 1410 1589 cum
1442 1536 1622 1590 uento
1654 1529 1916 1608 caderet,
1965 1541 2026 1593 et
2055 1534 2107 1595 si
2139 1544 2318 1600 uento

135 1626 475 1709 inciperet,
541 1635 844 1689 cresceret
874 1636 1053 1689 uento
1087 1646 1276 1710 eoque
1308 1637 1470 1691 esset
1500 1629 1803 1692 ardentior
1834 1651 1949 1713 quo
1982 1630 2081 1697 ille
2113 1633 2320 1698 incita·

137 1727 287 1791 tior.
380 1725 494 1789 His
524 1726 754 1790 accedit
781 1726 921 1791 illud
952 1746 1207 1810 quoque,
1255 1728 1410 1811 quod
1446 1738 1656 1791 uentus
1687 1729 1901 1793 multas
1930 1731 2088 1795 aeris
2118 1745 2319 1817 partes

136 1826 409 1912 inpellit,
457 1836 721 1891 cometes
755 1827 818 1889 in
857 1848 973 1890 uno
1009 1828 1141 1890 loco
1192 1828 1437 1912 adparet
1479 1837 1541 1891 et
1574 1838 1788 1893 uentus
1819 1829 1883 1893 in
1913 1830 2160 1895 sublime
2196 1855 2318 1900 non

138 1928 458 2014 peruenit,
524 1940 792 1992 cometae
830 1939 1024 1991 autem
1065 1927 1336 1992 uisuntur
1369 1948 1550 2013 supra
1583 1949 1754 2011 quam
1792 1929 1882 1993 ire
1915 1931 2110 1995 uentis
2151 1932 2311 1998 licet.

137 2029 395 2093 Transit
423 2030 635 2092 deinde
656 2028 736 2091 ad
762 2028 898 2091 illos
929 2050 1077 2112 quos
1105 2029 1189 2093 ait
1218 2028 1532 2095 certiorem
1576 2029 1793 2093 habere
1837 2031 2144 2111 stellarum⁶
2178 2053 2315 2119 spe·
2336 2058 2364 2102 2

137 2131 295 2194 ciem
327 2129 424 2215 qni
457 2139 519 2193 ct
547 2130 873 2215 procedunt
909 2140 971 2193 et
1001 2128 1170 2214 sigua
1213 2139 1615 2214 praetereunt.
1705 2130 1835 2194 Hos
1864 2131 1947 2194 ait
1979 2152 2059 2196 ex
2090 2133 2311 2200 eisdem

141 2231 348 2296 causis
377 2232 502 2295 lieri
537 2231 746 2315 quibus
774 2231 907 2293 illos
935 2251 1082 2314 qnos
1115 2230 1266 2294 dixit
1296 2230 1672 2298 humiliores:
1730 2232 1842 2296 hoc
1874 2242 2095 2296 tantum
2128 2233 2313 2299 inter·

138 2352 325 2410 esse,
389 2334 538 2415 quod
591 2343 877 2394 terrarum
927 2332 1335 2395 exhalationes
1379 2333 1560 2395 multa
1604 2353 1803 2396 secum
1848 2333 2011 2397 arida
2050 2336 2314 2400 ferentes

139 2433 457 2498 celsiorem
500 2442 704 2519 petant
744 2442 967 2516 partem
1003 2433 1154 2497 etin
1191 2433 1440 2497 editiora
1474 2433 1622 2497 coeli
1652 2433 1950 2518 Aquilone
1996 2435 2307 2519 pellantur.

142 2532 218 2599 Si
258 2534 396 2598 illos
430 2535 625 2619 aquilo
658 2533 1046 2618 propelleret,
1095 2535 1167 2596 ad
1209 2532 1523 2597 Meridiem
1569 2552 1804 2617 semper
1842 2545 2163 2617 agerentur
2196 2557 2312 2619 quo

213 2672 254 2720 B
273 2692 345 2714 ==
373 2673 564 2733 proxim
578 2686 611 2719 a
660 2673 751 2720 die.
842 2668 889 2718 G
906 2672 1001 2732 (cr.
1025 2669 1112 2730 ω)
1128 2690 1199 2713 ==
1263 2674 1420 2719 tus==
1438 2667 1560 2717 EeG
1575 2667 1715 2717 Fort.
1736 2667 1824 2717 Gr.
1845 2666 1981 2720 Anio,
2000 2667 2154 2719 Trist.
2169 2668 2275 2724 9132.

139 2754 231 2803 per
261 2743 492 2801 plures
524 2741 642 2788 dies.
710 2737 979 2800 E(soe)—
999 2739 1114 2786 dies.
1270 2739 1304 2785 Β
1339 2759 1407 2781 =
1436 2738 1566 2785 Huc
1614 2737 1795 2786 accedit
1836 2738 1957 2786 illud
1989 2739 2116 2799 quod
2147 2742 2312 2788 ventus

209 2805 261 2857 3.
315 2808 485 2856 eadem
517 2808 620 2868 fieri
650 2808 832 2855 ratione
868 2808 951 2854 hos
996 2810 1200 2854 cmnews
1265 2821 1364 2857 om.
1381 2817 1576 2867 quoque.
1645 2806 1773 2858 23...
1792 2803 2071 2859 manua.
2091 2806 2312 2869 -quod.

142 2875 303 2922 ιιι-ΕΒ
320 2872 411 2923 Ρ3.
448 2871 598 2921 codd.
630 2875 748 2938 Ops.
766 2871 872 2925 2132.
975 2873 1012 2918 B
1031 2893 1097 2913 --=
1115 2886 1197 2920 ea·
1266 2874 1304 2919 B
1320 2900 1381 2910 —
1401 2876 1454 2920 iu
1486 2878 1603 2919 ante
1635 2886 1729 2920 uuo
1764 2874 1877 2921 loco.

145 2945 255 2992 dem
289 2943 396 3003 fieri
426 2943 607 2989 ratione
639 2945 843 2990 cometas
873 2941 972 2987 hos.
1021 2938 1065 2986 G
1089 2936 1195 2985 Col.
1331 2943 1390 2986 et
1420 2940 1584 2984 ventus
1598 2957 1667 2978 ==
1684 2936 1843 2985 BEeG
1863 2938 1949 2986 Gr.
1966 2940 2016 2990 ἃς
2034 2968 2093 2991 ...
2112 2940 2163 2990 Q)
2181 2938 2288 2993 9232,

144 3011 198 3063 g
215 3030 284 3052 .-.-.-.
299 3010 468 3057 eadem
499 3010 557 3069 se
570 3021 631 3056 re
663 3009 845 3056 ratione
864 3007 948 3054 hos
980 3009 1198 3053 cometas.
1265 3004 1407 3057 SR...
1423 3000 1528 3054 :⁵310
1547 3002 1697 3054 must
1712 3028 1777 3040 —
1793 3007 1851 3051 et.
1922 3003 1968 3050 G
1992 3023 2062 3044 ==
2093 3008 2310 3052 comete,

143 3074 235 3126 1³4.
267 3098 340 3119 =
371 3077 538 3124 eadem
571 3077 737 3124 enim
781 3074 961 3122 ratione
1005 3074 1088 3120 hos
1121 3084 1199 3119 co·
1263 3075 1423 3119 aulem
1453 3069 1685 3118 visuntur.
1753 3068 1793 3115 B
1820 3090 1889 3110 =
1917 3074 2119 3118 cometae
2152 3074 2311 3121 autem

144 3150 315 3194 metas.
388 3140 484 3195 el.
508 3177 524 3194 .
545 3176 561 3193 0
583 3175 599 3193 .
622 3140 725 3194 2131.
747 3142 833 3194 {Ru
852 3140 902 3192 ,R
932 3160 1001 3180 =
1034 3140 1197 3187 eadem
1262 3139 1607 3188 nuscuntur..
2247 3156 2254 3162 ·

145 3213 285 3273 sere
319 3213 503 3259 ratione
535 3210 618 3257 hos
647 3210 751 3270 fieri
782 3211 999 3257 cometas.
1070 3206 1106 3252 B
1128 3225 1198 3252 ===
1332 3216 1477 3267 quam
1510 3203 1578 3249 ire
1610 3203 1759 3251 venus
1803 3203 1905 3251 lieet
1933 3222 1999 3242 =
2026 3202 2115 3249 Ee.
2219 3200 2312 3251 BG

145 3293 245 3340 qua
278 3280 402 3340 fiunt
431 3278 615 3324 turbine
643 3278 773 3335 ignes
805 3288 846 3323 e.
913 3270 1002 3322 1³3.
1021 3286 1200 3335 -..-qua
1265 3273 1316 3325 §B
1333 3306 1391 3325 ...
1409 3270 1706 3331 R=quam
1736 3270 1885 3318 ventis
1917 3271 1987 3318 ire
2019 3269 2141 3317 licet.

145 3348 418 3408 fuerunt
451 3346 596 3405 iynes.
665 3338 752 3390 1²4.
781 3339 890 3390 Col.
922 3362 992 3383 ===
1019 3354 1199 3403 quam
1333 3337 1383 3388 2.
1426 3339 1460 3385 Β
1490 3357 1560 3379 ==
1591 3338 1672 3397 qui
1706 3341 1749 3385 et
1782 3349 1940 3397 quae
1987 3336 2215 3387 cedunt
2245 3336 2313 3385 si·

146 3415 269 3475 fiunt
320 3414 464 3474 iynes.
536 3407 626 3459 1³3.
663 3436 724 3446 —
756 3411 856 3458 Hoc
887 3417 1004 3456 ante
1051 3422 1201 3457 unum
1264 3421 1360 3469 9na
1397 3409 1439 3454 et
1470 3408 1781 3466 praetereunt.

146 3484 352 3530 interest.
392 3479 425 3526 B
442 3476 613 3528 Nicot.
630 3474 735 3529 532.
753 3503 815 3514 -
833 3479 1052 3525 turbines.
1080 3490 1199 3539 pro·
1334 3488 1395 3522 ex
1426 3486 1449 3521 e
1466 3474 1639 3523 isdem
1671 3473 1911 3521 eausis==
1926 3471 2019 3524 EQ
2033 3504 2050 3524 .
2066 3503 2084 3523 .
2101 3502 2118 3522 .
2138 3470 2211 3523 (Β.

143 3546 273 3595 bant
311 3548 501 3611 Opsop.
541 3543 686 3592 Grut.
754 3544 793 3590 B
826 3565 893 3585 ==
927 3546 1201 3604 deprimim-
1264 3541 1460 3592 BGth.
1481 3539 1685 3592 ...ῆι-
1705 3553 1764 3587 ex
1797 3540 2001 3589 iisdem
2032 3541 2205 3590 causis.
2274 3537 2312 3587 Β

146 3619 227 3663 tur
258 3616 314 3662 in
359 3618 524 3661 terras.
613 3611 690 3658 BE
722 3630 792 3653 ==
822 3612 918 3660 hii
949 3612 1009 3659 de
1055 3615 1198 3658 terra.
1269 3635 1329 3645 -
1368 3621 1484 3668 quos
1516 3614 1634 3655 ante
1667 3607 1789 3655 dixit
1821 3608 2105 3655 humiliores.
2176 3606 2215 3652 B
2240 3624 2312 3647 =

150 3681 350 3743 G(soe)
370 3701 441 3724 =
455 3693 485 3727 α
499 3680 533 3727 d
565 3681 824 3738 superiora.
1268 3677 1352 3724 hoc
1387 3679 1450 3722 ta
1463 3689 1513 3722 m
1528 3689 1595 3723 eu
1623 3677 1837 3732 interesse
1868 3675 2011 3736 quod.
2083 3673 2117 3719 Β
2135 3692 2204 3713 ==
2221 3673 2311 3719 cel-

217 3751 575 3799 el'uctantur
601 3766 670 3788 ==
693 3743 919 3793 BEemG
951 3744 1109 3809 Bong.
1141 3757 1202 3791 ex
1268 3744 1436 3791 siorem
1480 3747 1642 3804 petant
1688 3744 1892 3791 locum
1932 3759 1983 3788 ω
2018 3740 2312 3799 pelluntur.

152 3814 261 3865 Cui.
293 3813 441 3864 codd.
475 3815 592 3878 Ops.
698 3812 853 3863 GGr.
891 3810 1202 3866 230003==
1271 3807 1361 3859 P3.
1396 3831 1463 3852 =
1496 3815 1537 3858 et
1567 3814 1619 3859 in
1652 3810 1851 3858 editiora
1901 3809 2000 3855 vel
2044 3807 2313 3853 meliora

148 3886 204 3932 el
220 3887 493 3934 eventur.
1268 3878 1383 3926 coeli
1431 3878 1654 3936 Aquilone
1699 3876 1988 3935 pelluntur.
2067 3870 2213 3920 Rom.
2244 3891 2313 3915 ει

1265 3958 1301 4005 p
1315 3956 1342 3991 r
1356 3957 1383 3991 ο
1396 3957 1429 4003 p
1444 3944 1658 3990 ellautur.

156 4051 165 4054 -
546 3998 666 4065 cap·
702 3998 812 4049 VH·
1340 4011 1397 4057 sn·
1443 4010 1547 4056 illos
1595 4008 1755 4069 aquilo
1797 4008 2072 4068 propelleret
2100 4025 2170 4048 ==
2203 4006 2317 4055 BEc

219 4083 419 4134 Koeler
451 4082 514 4132 ci.
544 4105 614 4126 =
646 4083 905 4133 dicantur.
973 4077 1012 4125 B
1033 4105 1095 4119 —-
1114 4091 1207 4125 au*
1274 4073 1421 4124 codd.
1448 4075 1565 4138 Ops.
1601 4076 1661 4140 (E
1679 4090 1799 4138 p.m.
1829 4088 1858 4119 e
1886 4089 2089 4138 p.m.=
2106 4072 2285 4139 illas),

148 4159 245 4204 tem
266 4160 388 4217 post
420 4166 561 4218 nuno.
633 4166 662 4198 e
681 4177 739 4186 —
764 4162 873 4197 cum
906 4154 1023 4197 ante
1056 4149 1206 4197 vento.
1274 4141 1319 4190 G
1333 4138 1425 4190 P3.
1449 4139 1557 4189 Col.
1576 4143 1625 4194 23
1646 4173 1702 4193 ...
1721 4140 1771 4193 ,ςῖ
1794 4139 1921 4203 (exc.
1942 4140 2095 4204 ωζαη)
2122 4148 2172 4200 4
2204 4145 2281 4193 ος
2295 4168 2320 4181 -

149 4222 192 4270 Β
209 4224 434 4268 =veuto
467 4222 702 4268 cresceret.
1270 4210 1418 4258 inde
1466 4210 1509 4256 si
1553 4210 1661 4257 illos
1707 4209 1867 4269 aquilo
1896 4222 2035 4271 prop.
2072 4208 2220 4274 (Col.
2250 4231 2318 4257 aa

224 4291 315 4338 His
341 4288 521 4336 accedit
539 4287 661 4335 illud
679 4296 875 4346 quoque,
909 4281 1075 4344 quod
1095 4292 1207 4333 ven·
1266 4289 1356 4340 pro
1373 4291 1400 4329 c
1416 4276 1645 4328 ederet.
1697 4277 2148 4345 {seam-opera).
2186 4278 2319 4335 mean

260 4367 472 4429 Senecae
499 4377 571 4422 op.
598 4362 672 4409 ed.
698 4363 885 4407 Fickert
910 4360 991 4406 ut.
1805 4341 1891 4410 44
