2767 4934
523 333 645 402 126
1335 334 1443 397 An
1487 335 1840 400 MARCIAM

516 503 884 583 differentia,
945 503 999 567 si
1030 503 1295 589 inspecto
1337 513 1558 589 quanto
1595 504 1726 588 quis
1767 503 1993 569 uixerit
2026 505 2217 590 spatio
2237 509 2726 591 'conpar-auaris

514 616 737 690 quanto
780 625 901 669 uon
944 595 1186 669 uixerit.
1275 602 1510 670 Deinde
1552 606 1604 670 si
1636 605 1962 670 inmaturus
2005 606 2263 670 decessit
2292 605 2478 679 (uixit
2518 607 2726 672 enim

515 716 793 791 (mantum
837 706 1038 770 debuit
1084 707 1315 789 uiuere)
1338 709 1377 771 :J
1418 707 1559 771 nihil
1604 708 1687 771 illi
1730 707 1848 770 iam
1895 706 2049 771 ultra
2093 718 2425 794 supererat.
2532 707 2724 774 Non

512 826 630 871 uua
677 808 1007 874 hominibus
1052 818 1328 872 senectus
1374 820 1502 889 est,
1562 819 1630 872 ut
1673 828 1751 872 ne
1794 808 2139 872 animalibus
2181 808 2455 893 quidem:
2513 809 2724 875 intr-a

453 958 459 963 .
513 909 949 994 quatuordeeim
974 909 1257 994 quaedam
1286 931 1473 974 annos
1503 910 1893 995 defatigantur
1919 910 2148 974 ethaeo
2178 911 2295 974 illis
2323 911 2721 995 longissima

437 1233 480 1275 1¹

486 1649 560 1706 ,4.
580 1651 687 1701 Col.

511 1021 676 1075 aetas
710 1020 804 1075 est
832 1031 978 1094 quae
1015 1011 1233 1074 homini
1262 1010 1472 1097 prima.
1519 1012 1720 1096 dispar
1742 1010 1953 1095 cuique
1984 1011 2221 1075 uiuendi
2254 1012 2508 1077 facultas
2544 1013 2722 1079 data

512 1122 644 1175 esti
695 1132 867 1176 nemo
899 1112 1072 1175 nimis
1109 1113 1226 1175 eito
1258 1113 1544 1193 moritur,
1590 1112 1727 1196 quia
1761 1111 2026 1176 uicturus
2060 1112 2276 1176 diutius
2305 1134 2484 1196 quam
2517 1113 2718 1179 uixit.

512 1234 632 1277 non
658 1213 788 1277 fuit.
851 1211 1042 1277 Fixus
1069 1224 1164 1278 est
1185 1214 1394 1298 cuique
1421 1214 1742 1277 terminus:
1774 1212 2032 1276 mauebit
2055 1232 2293 1299 semper
2318 1200 2709 1299 ubi‘positus

508 1326 626 1379 est.
672 1335 784 1379 nee
804 1315 964 1378 illum
986 1316 1232 1379 ulterius
1252 1316 1681 1406 diligentiaaut
1697 1314 1890 1398 gralia
1906 1312 2310 1399 promouebitz
2343 1313 2477 1377 tulit
2491 1336 2706 1382 suum

575 1452 622 1500 D
660 1473 731 1495 =
765 1456 939 1513 quanto
970 1455 1076 1515 quis
1122 1454 1267 1501 vixit
1298 1455 1454 1513 spatio
1490 1470 1543 1499 ω
1617 1451 1706 1499 tuit
1737 1450 1916 1499 diutius
1945 1451 2117 1500 vivere.
2186 1447 2291 1498 Col.
2315 1454 2368 1508 -ι-
2398 1467 2451 1497 ω
2473 1464 2705 1512 promo-

507 1522 871 1568 nonvixerat.
1617 1520 1767 1579 vebit,
1820 1519 1910 1567 sic
1942 1519 2208 1579 habent,
2259 1519 2444 1567 illum
2491 1521 2695 1569 ulte-

574 1587 752 1636 Deinde
785 1588 836 1635 si
864 1584 1550 1650 inmaturus=BGADgP3.
1603 1587 1761 1633 ·rius
1794 1587 2209 1646 diligentiam
2261 1598 2331 1633 ea·
2380 1588 2695 1637 consilio

791 1649 941 1702 VP2
962 1655 1056 1706 z
1111 1655 1238 1707 .ῧο
1271 1675 1341 1696 ---
1374 1656 1551 1704 Deinde
1613 1652 2010 1712 perdidisse.
2063 1655 2183 1701 Tulit
2214 1666 2369 1701 suum.
2435 1654 2694 1706 B=nec

508 1734 627 1770 non
655 1723 952 1776 immaturus.
1017 1720 1367 1784 Vg—vivere.
1612 1721 1750 1769 illum
1781 1722 1974 1768 ulterius
2007 1721 2327 1781 diligentiam
2382 1734 2455 1769 ex
2503 1735 2687 1771 con-

619 1790 848 1801 “““““
1615 1789 1770 1836 silio
1797 1788 2190 1847 perdidisse.
2238 1790 2344 1837 tulit
2376 1801 2520 1837 suum
2550 1787 2683 1839 rell.

1618 1869 1719 1903 om.
1791 1853 1837 1901 G
1853 1868 2019 1903 =nee
2048 1856 2186 1903 illum
2233 1857 2426 1904 ulter-im
2456 1857 2684 1918 diligen-

1615 1923 1760 1969 tiam
1794 1927 1878 1970 aut
1906 1924 2066 1984 gratia
2092 1924 2394 1983 promovebit.
2428 1925 2557 1972 seit
2589 1926 2680 1973 li-

1617 1990 1835 2038 benter
1866 1991 2054 2037 illum
2087 1990 2373 2038 ulterius
2408 2003 2481 2038 ea·
2515 2004 2674 2040 eon-

1613 2058 1769 2105 silio
1798 2057 2191 2117 perdidisse.
2245 2058 2369 2105 Tulit
2398 2071 2554 2105 suum.
2608 2059 2671 2109 V

1586 2131 1647 2188 ‘g
1675 2146 1746 2166 =
1775 2138 1858 2174 neo
1890 2126 2083 2173 ulterius
2125 2126 2263 2173 illum
2294 2125 2538 2185 diligentia
2571 2132 2675 2176 aut

1610 2195 1772 2252 gratia
1815 2193 2112 2252 promovebit.
2178 2192 2304 2239 seit
2368 2194 2666 2243 libenter

1610 2260 1798 2307 illum
1821 2261 2103 2307 ulterius
2124 2259 2551 2319 diligentiam
2582 2274 2669 2311 ex

1611 2328 1893 2375 consilio
1922 2327 2308 2387 perdidisse.
2347 2327 2469 2375 Tulit
2493 2341 2664 2379 suum.

1615 2389 1740 2441 Cod.
1773 2390 1907 2442 Pinc.
1938 2413 2009 2435 =
2045 2394 2127 2442 ubi
2167 2395 2349 2455 positus
2381 2397 2461 2442 est.
2528 2398 2663 2445 seit

1608 2461 2661 2522 libenterillumeaeconsilioper-

1610 2529 1879 2577 didisse.
1950 2531 2072 2577 Tulit
2099 2542 2238 2577 suum
2252 2525 2360 2576 rell.
2377 2543 2473 2577 om.
2511 2527 2657 2582 Pinc.

1610 2593 1671 2644 ci.
1691 2610 1858 2645 ==nec
1889 2597 2025 2644 illum
2056 2597 2304 2657 diligentia
2333 2598 2431 2644 vel
2461 2600 2660 2649 consilio

1603 2666 1984 2724 protulisset.
2051 2660 2658 2715 P2.4.=necillumul·

1608 2734 1751 2780 terius
1782 2733 2098 2792 diligentiam
2146 2729 2256 2796 [1²4.
2283 2753 2352 2773 =
2381 2733 2654 2801 diligentia]

1610 2812 1683 2846 ex
1739 2800 2012 2848 consilio
2063 2800 2454 2859 perdidisse.
2522 2802 2655 2852 Tulit

1607 2880 1762 2915 suum.
1829 2861 1920 2914 P3.
1939 2868 2114 2915 =Nec
2147 2867 2281 2914 illum
2311 2868 2504 2915 ulterius
2533 2869 2655 2918 dili-

1606 2936 1766 2995 gentia
1809 2936 2096 2994 promovebit
2143 2938 2229 2982 aut
2274 2936 2449 2995 gratia.
2511 2945 2575 2983 sc
2593 2938 2653 2987 it

1608 3002 1891 3049 libenter
1939 3003 2122 3049 illum
2169 3002 2448 3050 ulterius
2478 3003 2649 3052 dili-

1606 3071 1833 3130 gentia
1899 3070 2186 3117 consilio
2248 3069 2645 3129 perdidisse.

1611 3138 1734 3185 Tulit
1762 3150 1917 3185 suum.
1986 3134 2114 3184 Cod.
2135 3133 2271 3201 Lips.
2297 3133 2444 3185 verba
2472 3135 2647 3202 spuria

1605 3201 1679 3251 sie
1728 3201 1981 3268 concipit:
2043 3205 2238 3253 ulterius
2286 3206 2530 3266 diligentia
2578 3219 2646 3257 ex

513 1854 1304 1923 (sm.)ADPin0.v..lP-1.ffi2.
1410 1857 1548 1923 G(p.

507 1923 598 1988 m.)
622 1928 946 1985 ==superat.
1013 1923 1177 1987 Vg=
1190 1926 1308 1974 nihil
1340 1929 1551 1975 tamen

507 1994 580 2041 illi
612 1995 739 2042 ultra
770 2006 809 2041 s.
876 1987 965 2041 P3.
995 2013 1066 2034 =
1096 1994 1215 2041 nihil
1243 1995 1316 2041 illi
1349 1997 1546 2042 tamen

506 2062 635 2109 ultra
666 2074 706 2108 s.
776 2058 884 2108 Col.
912 2080 983 2101 =
1010 2062 1110 2109 nil
1143 2062 1211 2108 illi
1261 2065 1388 2109 tam
1422 2063 1549 2110 ultra

506 2129 773 2187 supererit.
840 2123 1143 2175 P2.-—=nihil
1169 2130 1327 2176 enim
1357 2130 1460 2176 iam
1488 2130 1547 2176 il-

505 2195 542 2242 li
574 2199 829 2253 supererat.
879 2195 925 2246 3
942 2228 959 2247 .
975 2226 991 2244 .
1010 2227 1025 2245 .
1045 2194 1222 2246 (ἕλε
1238 2196 1355 2242 nihil
1383 2197 1547 2243 enim

503 2261 606 2309 iam
640 2265 895 2320 supererat.
965 2261 1070 2313 (50.
1089 2293 1106 2312 .
1134 2261 1319 2313 {Ru-{30
1345 2266 1399 2318 -l-
1421 2263 1547 2311 Nihil

504 2330 668 2378 enim
698 2329 771 2375 illi
800 2329 901 2376 iam
935 2341 974 2375 s.
1040 2327 1275 2375 Fortasse
1301 2327 1453 2377 verba
1472 2330 1545 2376 vi·

503 2399 576 2445 xit
604 2396 758 2443 enim.
831 2397 1030 2444 ‚vivere
1062 2392 1139 2442 his
1172 2402 1290 2443 suut
1360 2403 1545 2460 ostpo-

504 2460 698 2513 nenda:
734 2460 935 2511 interim
956 2478 1015 2510 ea
1032 2477 1126 2528 pro
1147 2471 1324 2527 parent
1359 2461 1432 2511 esi
1460 2479 1544 2511 ac·

503 2529 631 2597 cepi.
701 2529 832 2579 V==
849 2545 997 2581 annos
1031 2532 1282 2591 quaedam.
1351 2527 1541 2579 1²2.—

498 2599 751 2662 quaedam.
820 2597 929 2647 Col.
954 2605 1004 2655 -ι-
1029 2600 1266 2658 quaedam
1298 2612 1542 2649 anima

501 2669 599 2716 lia
631 2680 796 2714 annos.
877 2667 977 2718 5358
1013 2685 1083 2706 =
1118 2667 1344 2725 quidam
1375 2680 1540 2715 annos.

505 2731 611 2782 col·
629 2752 700 2774 Ε
717 2734 928 2795 defssliya
937 2748 970 2780 ss
981 2736 1014 2780 ε.
1063 2732 1197 2779 BGA
1212 2730 1299 2783 P2.
1317 2731 1367 2783 4·
1388 2735 1436 2786 z
1452 2764 1469 2785 e
1487 2766 1506 2786 e
1522 2765 1539 2784 ο

501 2798 600 2853 Εἳ.
629 2820 698 2842 ==
731 2801 1051 2861 defatigavit.
1119 2799 1243 2865 VDg
1256 2799 1394 2850 Pinc.
1424 2817 1474 2848 v.
1504 2799 1540 2849 l.

497 2863 589 2916 P3.
611 2885 689 2915 ω.
756 2862 846 2915 P4.
866 2888 936 2909 =
951 2869 1273 2928 elongissima.
1328 2865 1537 2935 mmm)

497 2931 587 2983 P2.
617 2957 688 2979 ==
715 2937 990 2996 longissima
1020 2937 1161 2984 vita
1194 2941 1276 2984 est.
1346 2936 1540 3003 (ἥκω)

498 3009 646 3054 —esi
676 3011 796 3069 post
820 3007 969 3052 aetas.
1037 3003 1388 3054 V—vivendi.
1424 3022 1542 3071 g==

496 3073 564 3119 est
595 3074 730 3122 data.

495 3153 648 3257 Ρὸᾳιῖ.
653 3142 954 3262 ic‘iolvi.⁶(g{m³
977 3138 1259 3271 ῖςῖῗὲ
1263 3139 1539 3264 Pingui-2310

495 3293 564 3317 ==
591 3280 696 3338 qui
728 3278 952 3325 victurus.
1018 3291 1136 3338 g=
1149 3289 1297 3334 quam
1327 3280 1538 3326 via-erit.

565 3337 648 3390 11.
701 3358 735 3406 g
773 3347 826 3399 -ι-
866 3343 954 3388 ibi
999 3343 1216 3390 manebit.
1283 3339 1371 3390 P2.
1391 3345 1502 3395 z..

495 3404 594 3460 (32.
608 3421 885 3469 —semper
954 3405 1081 3455 Bell.
1105 3405 1258 3456 etiam
1286 3406 1426 3457 Pinc.
1449 3411 1535 3460 Gr

500 3490 577 3523 ω.

556 3554 642 3591 nee
672 3542 808 3589 illum
839 3542 1033 3589 ulta-ius
1054 3542 1300 3602 diligentia
1318 3547 1404 3591 aut
1423 3557 1536 3606 gra-

488 3611 559 3658 tio
587 3610 904 3671 prmnovebit:
939 3610 1043 3656 tulit
1060 3623 1215 3657 suum.
1252 3607 1406 3658 Omisi
1422 3627 1534 3661 ver-

489 3675 557 3727 ba
583 3674 856 3737 nonnulla,
893 3691 1019 3740 quae
1052 3675 1129 3724 his
1158 3673 1412 3742 interponi
1441 3694 1530 3728 so-

489 3744 689 3795 lebant:
741 3761 859 3794 uam
888 3741 1056 3808 spuria
1088 3760 1146 3792 ea
1186 3759 1293 3792 esse
1323 3755 1533 3795 cousta-

487 3812 578 3862 bat
620 3811 757 3862 mihi.
828 3816 874 3862 A
903 3833 972 3852 =
1009 3830 1060 3858 ω
1099 3812 1433 3873 diligentiam
1467 3820 1531 3863 ut

484 3884 645 3941 gratia
670 3883 970 3942 promovebit.
1004 3880 1122 3944 [mD
1139 3877 1231 3944 ==]
1269 3881 1380 3929 Sic
1414 3881 1529 3929 lta-

486 3951 663 3998 bent:
713 3951 896 3998 illum
930 3951 1217 3998 ulterius
1247 3949 1530 4010 diligen-

486 4018 644 4064 tiam
688 4029 760 4064 eoe
807 4018 1086 4065 oonsilio
1131 4017 1525 4079 perdidisse.

485 4084 609 4131 Tulit
638 4096 792 4131 suum.
858 4083 906 4131 D
930 4088 979 4141 4
1013 4101 1064 4129 ω
1084 4084 1387 4143 promovebit.
1426 4085 1530 4133 Sit

482 4150 762 4199 libenter
807 4151 997 4199 illum
1045 4151 1329 4200 ulterius
1379 4152 1526 4200 dili·

479 4219 763 4277 gentiam
794 4229 868 4264 ea·
897 4218 1525 4280 consilioperdidis·

480 4297 556 4332 se.
623 4283 1522 4347 sedtullitsuummdieenspo-
1589 4284 1840 4336 libenter..

1607 3273 1796 3320 consilio
1852 3273 2116 3332 perdidit,
2181 3285 2204 3319 s
2220 3273 2290 3319 ed
2339 3273 2440 3320 tulit
2482 3286 2641 3325 suune.

1604 3337 1745 3403 Lips.
1777 3337 1838 3387 ci.
1870 3359 1939 3380 =
1970 3353 2029 3387 ex
2061 3341 2251 3388 consilio
2294 3341 2559 3400 perduxit
2593 3358 2640 3395 s.

1599 3408 1947 3465 perduxerit
1977 3403 2087 3454 rell.
2133 3421 2232 3455 om.
2273 3415 2361 3455 aut
2399 3421 2640 3467 promove-

1604 3472 1719 3534 bis,
1753 3476 1808 3522 si
1846 3476 2082 3535 libeat,·
2116 3487 2225 3523 nec
2257 3476 2442 3524 illum
2472 3477 2639 3526 inte-

1602 3542 1743 3589 rius
1809 3543 2176 3603 diligentia
2239 3546 2299 3590 et
2366 3545 2639 3594 consilio

1596 3610 1914 3668 perduces
1956 3625 1998 3657 s.
2031 3610 2313 3670 reduces.
2383 3611 2475 3662 z
2527 3613 2637 3667 .(5

1600 3696 1667 3716 --=
1687 3689 1769 3724 neo
1801 3678 1975 3724 ullum
2012 3665 2130 3742 [(ξί.
2163 3697 2232 3718 =
2260 3673 2416 3742 illum]
2445 3678 2638 3730 ulterius

1595 3744 1841 3804 diligentia
1874 3747 1958 3791 aut
1984 3746 2143 3804 gratia
2158 3747 2473 3805 promovebit:
2500 3751 2636 3798 seit

1598 3811 2631 3874 libenterilluinexoonsilioper-
2705 3815 2708 3872 J

1597 3879 1866 3927 didisse.
1938 3880 2060 3927 Tulit
2091 3892 2247 3927 suum.
2282 3878 2629 3933 mmOEl.2.==

1593 3959 1677 3995 nee
1723 3947 1857 3994 illum
1889 3947 2157 4007 diligentia
2205 3960 2264 3995 ex
2309 3949 2492 3997 oonsilio
2517 3953 2630 4009 perss

1596 4014 1771 4061 didit·
1839 4013 2117 4067 mtteeffio
2156 4019 2210 4072 *¹-
2254 4032 2304 4060 (Ὁ
2338 4019 2626 4077 promovebit·

1593 4082 1717 4129 soit
1767 4081 2047 4129 libenter
2113 4083 2303 4132 illum
2351 4084 2624 4135 ulterius
2701 4085 2702 4100 ³

1593 4149 2013 4210 diligentiam
2063 4162 2138 4198 ex
2171 4152 2442 4200 consilio
2468 4165 2619 4213 per-

1592 4217 1858 4265 didisse.
1927 4217 2050 4264 Tulit
2080 4230 2239 4267 suum.
2311 4219 2501 4285 (2522.
2535 4220 2620 4270 seit

1866 4284 2155 4345 .perdidisse
2176 4282 2242 4351 0).
