2767 4934
807 342 1150 408 SENECAE
1194 341 1659 403 DEPERDITIS.
2185 342 2311 410 745

169 507 308 570 riam
358 506 649 570 amicitiae
693 553 707 570 .
733 553 747 569 .
774 553 788 569 .
827 508 938 571 dae
983 554 996 569 .
1025 555 1041 571 .
1067 553 1081 569 .
1121 508 1209 572 sic
1239 528 1359 571 nun
1379 552 1683 570 ........
1704 507 1821 570 lum
1871 517 1964 571 est
1986 553 2158 572 .....
2192 510 2307 574 liae

169 625 261 670 es.
281 627 347 670 se
385 606 616 671 interdu
638 653 655 670 .
678 629 785 671 .cu
830 608 930 671 fati
975 609 1129 672 solet
1157 608 1367 672 iniram
1398 617 1493 672 est
1514 627 1683 691 quam
1716 606 1890 671 ualde
1923 607 2083 672 illum
2117 629 2308 674 amena

170 705 520 770 conscientia
561 727 632 771 ea
674 728 785 770 con
808 753 986 772 .....

324 804 442 870 111.
493 845 574 856 —
617 809 873 891 [notitia
902 811 1102 872 animi
1130 828 1268 872 esse
1293 807 1551 886 eerJtior
1583 806 1778 886 debet‚
1825 807 1962 891 quia
1992 808 2189 872 uultus
2216 810 2307 873 iu-

74 913 78 922 '
167 914 355 969 certus
399 917 519 970 est.
619 905 875 991 Magnos
930 907 1241 971 humanum
1297 918 1503 987 pectus
1551 927 1824 971 recessus
1873 906 2085 971 habet:
2154 910 2310 993 quod

166 1007 336 1070 vultu
369 1028 487 1091 quo
531 1009 723 1092 placet
752 1007 941 1071 virtus
985 1028 1058 1072 eo
1092 1009 1254 1071 frans
1296 1006 1710 1085 adumbratur,
1766 1017 1827 1070 et
1856 1007 2311 1092 cogitationibus

168 1107 429 1189 pessimis
473 1107 656 1171 facies
696 1107 1115 1190 benignissima
1153 1107 1495 1170 obducitur:
1562 1127 1672 1171 nec
1715 1107 1888 1171 facile
1932 1107 2047 1172 nisi
2089 1109 2312 1193 peritus

165 1205 465 1290 intellegas
517 1207 654 1291 quid
702 1208 937 1271 intersit
991 1207 1149 1270 inter
1190 1208 1449 1270 animum
1491 1207 1664 1269 amici
1705 1216 1767 1269 et
1807 1209 2088 1270 colorem.
2177 1206 2311 1270 Hoc

167 1306 268 1368 sibi
311 1307 560 1391 quisque
603 1316 891 1391 proponat
933 1328 1047 1388 quo
1092 1306 1285 1368 minus
1328 1305 1500 1368 facile
1535 1305 1743 1368 fucatis
1770 1306 2035 1389 capiatur
2058 1305 2306 1370 officiis:

167 1426 295 1469 rara
322 1418 417 1470 est
457 1406 748 1469 amicitia:
799 1404 1056 1487 uulgaris
1100 1415 1201 1467 aut
1243 1404 1516 1487 exposita
1557 1415 1624 1466 ut
1666 1404 1887 1489 inplere
1920 1414 2077 1468 totas
2103 1405 2310 1469 domus

166 1507 341 1588 possit
378 1506 557 1590 uulgo
601 1505 713 1569 sibi
743 1504 1008 1567 homines
1035 1523 1409 1588 persuasere.
1499 1502 1599 1566 An
1627 1524 1832 1567 aurum
1875 1504 2096 1588 ingenti
2131 1525 2312 1589 opera

166 1607 280 1690 tegi
319 1606 561 1671 creditis
582 1652 601 1686 ‚
647 1605 814 1669 cuius
859 1603 1070 1688 ubique
1109 1602 1361 1687 quaesiti
1404 1603 1513 1666 vix
1555 1604 1664 1667 sub
1703 1605 1895 1692 aliquo
1927 1615 2125 1669 monte
2154 1625 2314 1670 vena

165 1707 647 1791 deprehenditnr3
696 1705 944 1769 amicum
987 1715 1184 1767 antem
1227 1702 1439 1786 ubique
1473 1702 1773 1788 inueniri,
1820 1704 1951 1768 sine
1991 1705 2108 1768 ullo
2150 1705 2313 1770 labo-

165 1825 263 1886 re,
323 1808 457 1871 sine
501 1807 620 1870 ulla
673 1805 1173 1889 inuestigatione?
1259 1800 1417 1885 Quid
1477 1802 1632 1866 enim
1678 1813 1792 1865 tam
1849 1803 2100 1888 simplex
2141 1825 2314 1889 aper-q

167 1914 394 1990 tumque
440 1908 573 1970 est?
657 1904 841 1990 Atqui
900 1926 1020 1968 non
1065 1914 1181 1967 tam
1235 1903 1298 1966 in
1355 1902 1476 1966 alto
1517 1904 1665 1966 latet
1719 1924 1937 1968 aurum·
1978 1914 2312 1989 argeutum-

163 2027 271 2088 que
313 2044 398 2055 —
438 2042 527 2055 —-
567 2042 652 2053 —

170 2187 403 2274 Incipit
449 2190 729 2255 eiusdem
769 2189 1027 2253 Annaei
1067 2185 1361 2252 Senecae
1403 2187 1487 2251 de
1543 2189 1680 2251 uita
1714 2191 1938 2271 patris
1984 2187 2275 2273 feliciter
2289 2211 2311 2251 .·

366 2290 690 2355 .scribente
723 2310 879 2355 me..
904 2335 918 2351 .
940 2335 955 2352 .
977 2334 991 2350 .
1038 2288 1146 2353 die
1174 2295 1240 2351 et
1270 2288 1464 2371 Io[co]
1497 2291 1750 2372 s[upra]
1781 2289 2097 2373 s[cripto].

328 2404 400 2471 Si
435 2427 818 2492 quaecunque
850 2405 1159 2490 conposuit
1200 2414 1367 2488 pater
1412 2425 1580 2468 meus
1630 2416 1689 2467 et
1728 2403 1821 2466 edi
1864 2405 2048 2468 uoluit
2090 2406 2208 2468 iam
2250 2406 2311 2468 in

165 2525 370 2570 manus
400 2505 596 2592 populi
630 2507 981 2582 emisissem,
1015 2506 1087 2567 ad
1107 2504 1431 2567 claritatem
1464 2503 1717 2567 nominis
1749 2503 1839 2567 sni
1870 2504 2015 2566 satis
2043 2504 2155 2567 sibi
2183 2505 2312 2586 ipse

167 2614 583 2692 prospexerat:
632 2626 766 2668 nam
803 2604 918 2667 uisi
954 2624 1048 2666 me
1093 2603 1307 2688 decipit
1348 2603 1568 2688 pictam,
1616 2603 1783 2666 cuius
1819 2604 2099 2667 honestus
2134 2604 2312 2666 etiam

167 2724 337 2769 error
372 2717 510 2784 est,
577 2705 736 2768 inter
775 2725 882 2768 eos
926 2703 1242 2767 haberetur
1282 2705 1380 2787 qui
1439 2702 1677 2787 iugenio
1722 2705 2066 2767 mernerunt
2106 2713 2170 2766 ut
2209 2725 2314 2788 pu-

163 2805 249 2867 ris
290 2808 687 2887 scriptorum
742 2801 924 2866 titulis
978 2803 1205 2866 nobiles
1248 2814 1473 2867 essent.
1563 2800 1846 2887 Quisquis
1903 2803 2148 2887 legisset
2182 2803 2316 2867 eius

167 2903 447 2968 historias
482 2904 556 2967 ab
586 2904 754 2967 initio
797 2902 1080 2965 bellorum
1113 2901 1396 2977 ciuilium,
1448 2903 1598 2963 unde
1630 2904 1877 2984 primum
1905 2904 2127 2966 ueritas
2153 2913 2315 2965 retro

169 3004 348 3084 abiit,
413 3024 601 3090 paene
657 3023 844 3087 usque
899 3001 971 3063 ad
1028 2998 1233 3062 mortis
1291 3018 1438 3060 suae
1480 2999 1632 3061 diem
1654 3045 1673 3077 ,
1742 3000 1936 3081 magni
1981 3000 2321 3063 aestimaret

169 3104 325 3168 scire
365 3104 572 3189 quibus
615 3114 788 3169 natus
831 3110 994 3166 esset
1035 3097 1372 3183 parentibus
1416 3097 1513 3161 ille
1556 3098 1652 3182 qui
1697 3118 1795 3162 res
1827 3098 2188 3182 Romaljnas]
2233 3135 2318 3148 --

243 4266 247 4272 v
280 4301 486 4349 Senecae
511 4316 583 4358 op.
610 4300 683 4344 ed.
712 4298 899 4342 Fickert
925 4296 1002 4340 111.
1066 4272 1085 4281 ὀ
1821 4280 1907 4346 48
