2767 4934
477 344 607 413 32⁴2

1304 331 1410 393 AD
1456 326 1837 391 PoLYBwM

484 511 841 580 inanimum
882 505 1212 589 gerit-eum
1254 519 1390 562 esse
1422 508 1485 561 tu
1518 495 1710 559 credis
1745 491 1944 556 fratris
1975 490 2093 569 tui,
2158 500 2224 554 ut
2263 488 2531 552 cruciatu
2570 488 2654 551 tui

378 594 385 599 x
482 623 699 680 noceat
727 609 867 686 tibi,
927 617 992 672 ut
1024 616 1082 668 te
1115 602 1258 667 uelit
1291 601 1586 664 abducere
1618 596 1690 659 ab
1727 591 2209 678 occupationibus
2245 591 2396 669 tuis,
2460 589 2522 657 id
2559 599 2658 652 est

482 740 523 781 a
554 714 746 779 studio
782 720 843 773 et
871 730 905 771 a
938 704 1242 771 Caesare?
1324 700 1469 764 Non
1501 708 1594 761 est
1622 699 1731 760 hoc
1763 694 1952 759 simile
1986 693 2140 782 ueri.
2229 690 2334 754 Ille
2369 690 2529 753 euim
2561 690 2655 752 in-

487 812 843 899 dulgentiam
868 809 971 872 tibi
1000 818 1292 888 tamquam
1322 800 1494 864 fratri
1520 797 1833 883 praestitit,
1880 793 2323 858 uenerationem
2355 803 2652 875 tamquam

490 914 765 1003 parenti,.
790 912 1004 974 cultum
1035 918 1327 989 tamquam
1361 899 1676 984 superiori.
1746 898 1847 961 isse
1874 895 2168 960 desiderio
2196 893 2299 956 tibi
2329 913 2467 956 essc
2495 893 2649 970 uult,

490 1025 783 1082 tormento
824 1032 958 1075 esse
1001 1029 1120 1071 uon
1165 1006 1313 1069 uult.

1404 998 1560 1083 Quid
1594 1001 1791 1082 itaque
1830 997 1995 1060 iuuat
2036 996 2225 1059 dolori
2274 994 2654 1058 intabescere

440 1141 467 1182 2
492 1136 699 1203 quem,
745 1115 797 1177 si
831 1113 958 1197 quis
987 1106 1244 1172 defuncti
1277 1123 1489 1168 sensus
1526 1112 1652 1179 est,
1703 1099 1854 1162 tiniri
1888 1100 2074 1161 frater
2107 1107 2240 1160 tuus
2274 1095 2471 1179 eupit?
2555 1091 2654 1157 De

491 1221 606 1284 alio
641 1219 823 1281 fratre
856 1213 1022 1275 cuius
1054 1210 1282 1272 incerta
1311 1214 1511 1288 posset
1546 1202 1818 1266 uoluntas
1848 1197 2034 1263 uideri
2068 1198 2264 1261 omnia
2295 1196 2441 1259 haec
2474 1195 2653 1259 dubie

491 1339 771 1406 ponerem
805 1326 864 1378 et
898 1310 1192 1375 dicerem:
1258 1304 1502 1371 Siue⁴te
1535 1301 1794 1386 torqueri
1840 1299 2098 1364 lacrimis
2142 1317 2452 1381 numquam
2495 1295 2652 1359 desi-

492 1420 767 1484 nentibus
811 1418 996 1477 frater
1041 1423 1174 1474 tuus
1220 1407 1415 1492 cupit,
1475 1405 1750 1487 indiguus
1781 1402 1892 1465 hoc
1921 1402 2151 1464 adfectu
2182 1411 2283 1463 tuo
2315 1410 2431 1462 est.
2521 1398 2653 1461 siue

493 1542 614 1584 nou
646 1518 805 1594 uult,
862 1514 1091 1595 utrique
1125 1520 1387 1573 uestrum
1420 1508 1670 1570 inertem
1700 1505 1960 1567 dolorem
1992 1501 2252 1565 dimittet
2312 1521 2424 1562 uec
2457 1501 2654 1584 inpius

494 1623 677 1683 frater
707 1617 793 1679 sic
825 1612 1147 1677 desiderari
1175 1609 1349 1673 debet
1379 1629 1487 1671 nee
1519 1607 1647 1691 pius
1678 1606 1766 1669 sic
1796 1604 1960 1668 uelit.
2050 1599 2122 1666 Iu
2159 1602 2270 1664 hoc
2304 1621 2449 1664 uero
2483 1601 2656 1664 cuius

497 1732 612 1784 tam
645 1717 954 1802 explorata
988 1715 1173 1798 pietas
1205 1733 1311 1796 pro
1347 1720 1512 1773 certo
1546 1708 1870 1770 habendum
1901 1715 1995 1768 est
2026 1704 2169 1767 nihil
2197 1722 2332 1766 esse
2358 1701 2656 1787 illi-posse

495 1819 766 1885 acerbius
797 1837 967 1900 quam
1002 1815 1094 1876 hie
1125 1814 1176 1876 si
1214 1813 1314 1876 tibi
1350 1831 1525 1874 casus
1556 1810 1685 1872 eius
1718 1807 1970 1871 acerbus
2003 1815 2134 1883 est,
2199 1803 2259 1867 si·
2287 1814 2343 1865 te
2375 1804 2497 1866 ullo
2530 1825 2659 1866 mo-

496 1923 570 1986 do
601 1928 868 2002 torquet,
933 1917 982 1979 si
1018 1915 1220 1978 oculos
1255 1925 1448 1989 tuoS‚-
1485 1908 1926 1993 indignissimos
1968 1908 2078 1970 hoc
2117 1906 2307 1985 malo,
2369 1904 2502 1967 sine
2534 1905 2660 1968 ulla

448 2045 472 2084 3
499 2021 674 2085 flendi
704 2021 815 2083 fine
846 2030 907 2081 et
939 2016 1247 2080 conturbat
1277 2014 1432 2077 idem
1465 2023 1526 2076 et
1558 2009 1855 2075 exhaurit.

499 2208 606 2256 eryo
625 2195 650 2242 ‘2
670 2229 682 2242 .
703 2226 714 2240 .
736 2227 748 2239 .
771 2188 863 2259 §3.
893 2192 947 2238 id
979 2202 1104 2238 nunc
1138 2189 1220 2235 tibi
1253 2198 1432 2246 quoque
1466 2185 1543 2246 sa-

499 2263 716 2310 ciendum
749 2264 828 2307 est.

547 2333 618 2376 ‚ug
670 2329 880 2376 cruciatu
929 2325 1026 2372 tui
1062 2343 1130 2363 =
1175 2318 1354 2367 BGDE
1386 2319 1544 2379 Bong.

501 2394 636 2443 Pinc.
652 2411 697 2442 v.
714 2392 747 2441 l.
775 2390 871 2447 1’2.
886 2388 936 2438 3.
956 2392 1063 2437 Ort.
1086 2389 1205 2440 ,ΤΣ-ΣΒ.
1309 2386 1356 2433 V
1370 2380 1457 2432 P4.
1475 2405 1544 2425 =

502 2467 552 2509 ut
587 2464 847 2510 cruciatus
881 2460 963 2505 tui.
1018 2455 1111 2508 (sl.
1133 2481 1192 2489 -—
1210 2455 1295 2500 tui.
1341 2449 1437 2503 (32.
1457 2485 1473 2502 .
1492 2484 1507 2501 .
1527 2483 1543 2501 .

502 2531 735 2582 §Bossut
769 2526 981 2576 cruciatu
1022 2528 1141 2571 tuo.
1211 2517 1348 2568 Pinc.
1384 2516 1444 2565 ci.
1476 2539 1547 2560 π

502 2601 554 2645 ut
587 2597 798 2644 cruciatu
832 2606 854 2639 s
869 2607 900 2637 u.
916 2594 946 2638 i.
1016 2589 1106 2636 BG
1123 2590 1225 2649 (n.)
1265 2593 1317 2643 -Ι-
1356 2589 1408 2632 ut
1440 2599 1472 2631 a
1507 2590 1547 2634 te

500 2663 611 2710 velit
644 2663 887 2708 abducere.
956 2657 1042 2703 DE
1079 2652 1191 2703 cod.
1224 2653 1365 2717 Lips.
1395 2674 1463 2694 =
1493 2657 1548 2701 et

499 2730 760 2787 private
809 2726 919 2772 velit
952 2725 1195 2771 abducere.
1265 2721 1361 2768 mD
1395 2742 1464 2762 =
1495 2724 1551 2768 et

504 2799 545 2843 te
578 2795 687 2840 vetit
736 2793 845 2840 abd.
874 2794 879 2801 ‘
915 2790 1046 2840 v—
1070 2792 1161 2837 tuis
1196 2797 1315 2854 post
1346 2802 1550 2849 occupa-

503 2860 719 2907 tionibus.
1176 2896 1179 2901 f
1389 2873 1400 2878 ·

575 2930 617 2973 et
646 2939 678 2973 a
700 2927 898 2974 Caesare
917 2946 982 2965 =
1001 2923 1227 2971 BGVDE
1244 2921 1331 2969 Gr.
1351 2918 1547 2969 Rom.2.

507 2990 690 3041 Trono.
727 2993 825 3044 §EQ
847 2993 953 3043 (55η)
974 3026 990 3044 .
1010 3025 1025 3043 .
1048 3024 1064 3043 .
1081 2992 1162 3043 §Bo
1195 2991 1258 3053 (D
1284 3005 1401 3054 p.m.
1421 3010 1490 3030 =
1508 2994 1550 3037 et

508 3073 539 3108 a
573 3059 829 3120 cessare).
900 3057 993 3111 at.
1016 3093 1031 3110 .
1053 3092 1069 3109 .
1089 3092 1105 3109 .
1127 3055 1212 3110 24.
1233 3084 1295 3093 --
1313 3070 1360 3103 a.
1416 3056 1461 3104 G
1480 3077 1547 3098 ==

504 3128 820 3188 indulgentia
867 3129 964 3175 tibi.
1036 3124 1082 3173 G
1101 3126 1271 3186 (mm)
1307 3151 1369 3160 —
1408 3125 1548 3184 fratri

505 3229 520 3244 .
538 3230 550 3243 .
568 3229 582 3243 .
598 3199 856 3255 tamquam.
922 3193 1023 3243 mG
1039 3215 1108 3234 =
1125 3194 1275 3252 fratri
1289 3205 1327 3239 s.
1377 3190 1544 3238 Germ.

504 3264 587 3314 ΣΞ.
608 3296 623 3313 .
642 3294 658 3312 .
679 3262 775 3314 (ξ’ὶ.
801 3268 852 3318 -Ι-
874 3263 1014 3321 fratri
1047 3259 1306 3307 ostendi
1331 3262 1549 3316 etprae-

502 3331 616 3379 stitit
653 3335 828 3375 contra
875 3334 1034 3377 mstos
1082 3323 1233 3371 etiam
1278 3322 1414 3370 Pinc.
1457 3323 1546 3371 Gr.

502 3394 605 3442 mG
635 3415 704 3435 =
733 3395 997 3443 titulum
1028 3396 1258 3450 tanquam
1301 3390 1547 3448 superiori.

503 3460 550 3509 V
569 3485 632 3496 -—·
657 3473 752 3508 esse
785 3464 901 3521 post
932 3461 1171 3505 tormento.

570 3526 736 3574 dolori
771 3526 1049 3576 intabescere
1064 3544 1134 3565 ==
1152 3521 1282 3571 BVD
1299 3525 1440 3582 (sm)
1453 3520 1542 3571 P2.

503 3588 553 3640 3.
575 3592 681 3639 Ort.
701 3592 844 3644 πελ.
866 3626 879 3641 .
903 3623 919 3641 .
937 3624 955 3642 .
975 3592 1101 3642 (ἔτι).
1197 3589 1244 3636 G
1259 3611 1325 3630 ==
1343 3592 1546 3640 doloris

502 3661 593 3708 tui
625 3661 917 3709 intabescere.
988 3657 1129 3706 Rom.
1162 3655 1291 3705 Seal.
1311 3678 1380 3699 =
1413 3659 1544 3706 dolo-

499 3729 593 3779 ris
630 3729 692 3775 vi
727 3727 1018 3775 intabescere.
1092 3722 1234 3777 Dffl.
1253 3745 1322 3767 =
1340 3726 1447 3774 dolo
1461 3740 1487 3773 r
1502 3727 1544 3772 i·

499 3797 526 3842 b
542 3810 574 3842 u
587 3809 612 3843 s
643 3795 936 3842 intabescere.
1002 3789 1133 3841 EP4.
1148 3814 1218 3834 =
1236 3794 1371 3842 dolor
1382 3796 1402 3841 i
1414 3807 1438 3840 s
1470 3795 1540 3840 in-

496 3864 737 3913 tabescere.
818 3859 953 3909 Pinc.
985 3877 1032 3909 v.
1068 3857 1103 3907 l.
1152 3862 1203 3913 §B
1236 3881 1307 3903 =
1339 3861 1544 3908 doloris

495 3931 559 3983 ui
591 3931 873 3978 tabescere.
941 3927 1046 3982 931.
1065 3961 1081 3980 .
1099 3962 1114 3980 .
1135 3961 1151 3979 .
1171 3929 1251 3980 >80
1270 3949 1339 3971 =
1357 3928 1539 3977 dolore

494 3997 788 4044 intabescere.

479 4100 483 4104 .
562 4063 791 4122 defuncti
823 4075 984 4111 sensus
1015 4067 1164 4110 est==
1184 4059 1410 4108 BGVDE
1445 4060 1533 4108 Gr.

496 4129 719 4180 2300&ss
743 4128 970 4181 Θτοὲὃῖ.
1088 4129 1157 4181 ⁵111
1190 4160 1210 4179 .
1240 4160 1262 4180 .
1295 4159 1313 4179 .
1345 4128 1533 4180 ffluffio

494 4195 616 4258 (exc.
637 4192 762 4257 (ὃτο)
782 4214 852 4237 ==
870 4196 1122 4254 defunctis
1155 4209 1315 4245 sensus
1348 4198 1430 4242 est.

557 4257 605 4308 2.
644 4259 735 4309 GV
770 4282 838 4303 ==
869 4264 979 4311 volu
989 4265 1111 4320 ptas
1158 4263 1326 4311 videri.
1394 4260 1533 4312 BGV

1942 2005 2233 2070 Pietatem
2269 2017 2465 2068 tamen
2498 2017 2660 2070 tuam

1611 2183 1769 2245 Bong·
1787 2177 1909 2227 pall·
1930 2180 2033 2226 Ort·
2047 2179 2157 2229 zoco
2175 2173 2269 2228 (ξι.
2296 2181 2344 2233 'i-
2369 2191 2398 2224 n
2414 2190 2441 2224 0
2456 2192 2489 2224 n
2520 2178 2666 2225 dnbie

1607 2261 1840 2308 ponerent.
1911 2244 2127 2293 Scal.·=-.-
2148 2245 2318 2292 dubia
2346 2257 2594 2304 ponerem.

1677 2316 1858 2374 utrique
1890 2317 2094 2362 vestrum
2126 2315 2316 2360 inertem
2345 2312 2557 2366 dolorem
2588 2315 2668 2361 di·

1610 2383 1738 2429 mitte
1764 2402 1832 2420 =
1866 2382 1973 2432 (Ξτο
1991 2413 2008 2431 .
2026 2414 2040 2431 .
2064 2413 2079 2430 .
2098 2382 2199 2432 2130.
2313 2377 2542 2426 BGVDE
2570 2378 2663 2427 1³2.

1612 2449 1662 2496 4.
1682 2449 1786 2496 Ort.
1803 2468 1872 2489 =
1889 2450 2071 2507 utrique
2103 2451 2350 2494 nostrum
2378 2446 2667 2496 inheren-

1612 2520 1702 2564 tem
1733 2516 1937 2565 dolorem
1968 2516 2166 2562 dimitte.
2248 2511 2340 2561 1²3.
2370 2533 2441 2554 =
2474 2516 2667 2575 utrique

1611 2588 1821 2631 vestrum
1851 2586 1902 2630 in
1917 2584 1946 2630 h
1959 2596 1990 2629 a
2005 2595 2027 2628 e
2040 2595 2066 2629 r
2081 2595 2104 2627 e
2116 2596 2148 2628 n
2160 2585 2252 2628 tem
2270 2582 2475 2628 dolorem
2496 2581 2670 2630 dimit-

1614 2653 1705 2698 tit.
1762 2652 1840 2702 Ἑ.
1862 2684 1877 2701 .
1898 2685 1912 2701 .
1936 2651 1986 2701 (5
2004 2653 2315 2708 =uterqae
2345 2650 2557 2695 vestrum
2587 2652 2669 2698 in-

1612 2722 1753 2766 ertem
1787 2718 1994 2766 dolorem
2042 2717 2324 2764 dimittite.
2396 2715 2554 2777 Boug.
2593 2738 2669 2759 ==

1614 2789 1838 2844 uterque
1872 2788 2074 2832 vestrum
2107 2784 2201 2830 inh
2218 2795 2357 2830 aere
2374 2785 2539 2830 ntem
2577 2786 2669 2833 do-

1613 2854 1758 2900 lorem
1798 2853 1990 2900 dimitte.
2062 2848 2190 2897 Scal.
2220 2850 2404 2897 Trono.
2436 2869 2508 2889 ==
2543 2854 2673 2899 utri·

1614 2932 1701 2978 que
1749 2923 1954 2966 vestrum
1999 2920 2049 2965 in
2062 2918 2093 2966 1·
2106 2930 2137 2963 a
2152 2930 2176 2963 e
2190 2931 2217 2964 r
2230 2930 2253 2963 e
2262 2921 2401 2965 ntem
2451 2917 2674 2966 dolorem

1614 2987 1810 3033 dimitte.
1849 2983 2161 3032 Correctiora
2179 2998 2287 3030 cxx,
2302 2981 2435 3031 Piuc.
2450 3004 2521 3025 ==
2537 2989 2673 3033 utri»

1613 3065 1701 3111 que
1720 3056 1925 3100 vestrum
1942 3053 1993 3098 in
2006 3052 2037 3099 h
2048 3065 2080 3098 a
2093 3065 2142 3100 er
2152 3065 2177 3099 e
2189 3055 2321 3116 ntem
2341 3051 2552 3098 dolorem
2573 3052 2672 3115 [==

1617 3116 1895 3182 cod.Lips.]
1917 3120 2093 3166 dimitte
2110 3117 2201 3181 (sic
2216 3115 2297 3164 ed.
2314 3117 2421 3165 Par.
2435 3133 2481 3163 a.
2507 3114 2670 3169 1587.

1618 3184 1761 3233 Grut.
1800 3184 1972 3233 laudat
2013 3186 2297 3233 dimittite.
2351 3182 2431 3231 ed.
2464 3184 2582 3234 Par.
2622 3203 2668 3234 a.

1620 3247 1766 3300 1602.
1799 3250 1953 3301 habet
1980 3250 2295 3306 dimittere).
2364 3251 2431 3302 §.m
2449 3282 2467 3300 .
2493 3280 2507 3301 .
2530 3286 2550 3303 .
2575 3254 2670 3305 24.

1612 3341 1682 3360 =
1694 3321 1777 3367 uti
1788 3333 1875 3380 que
1906 3321 1926 3365 i
1943 3333 2016 3366 nu
2031 3321 2077 3365 ti
2092 3320 2144 3365 le
2161 3332 2209 3365 m
2238 3318 2443 3366 dolorem
2459 3319 2668 3368 dimitte.

1613 3383 1699 3434 1²2.
1728 3408 1797 3427 =
1824 3388 1881 3434 si
1918 3386 2181 3432 desiderari
2202 3402 2253 3430 ω
2286 3387 2340 3433 si
2372 3387 2497 3432 velit.
2581 3388 2670 3435 DE

1613 3475 1682 3494 =
1700 3456 1766 3501 sic
1797 3454 2049 3501 desiderar
2061 3465 2101 3500 c.
2154 3445 2242 3500 Ps‘.
2264 3452 2368 3500 Ort.
2386 3473 2453 3493 =
2474 3454 2670 3511 deside-

1609 3523 1713 3570 rari
1746 3522 1854 3569 velit
1869 3522 1898 3580 ,'
1935 3532 2019 3566 nec
2052 3521 2131 3566 im
2142 3520 2252 3578 pius
2294 3517 2367 3582 [7]
2420 3521 2476 3568 si
2527 3521 2669 3569 debet

1614 3603 1713 3635 om.
1753 3584 1905 3652 priori
1938 3588 2021 3632 sic.
2091 3586 2129 3631 B
2161 3607 2229 3626 ==
2261 3600 2344 3634 nec
2390 3589 2543 3646 plus
2599 3590 2667 3637 sic

1609 3656 1787 3703 vellit.
1861 3652 1908 3701 G
1931 3667 2102 3702 =nec
2133 3656 2286 3713 plus
2318 3656 2492 3701 sitsi
2525 3658 2663 3703 velit.

1613 3721 1661 3768 G
1680 3735 1892 3782 :posse
1921 3722 1993 3768 illi
2026 3723 2239 3768 acerbius
2264 3734 2410 3780 qnam
2442 3722 2579 3769 sibi
2608 3724 2667 3770 ti-

1610 3791 1671 3836 bi.
1742 3790 1810 3841 fflt
1826 3811 1893 3830 =
1911 3801 2056 3848 quam
2088 3789 2164 3835 hic
2197 3790 2240 3834 si
2274 3790 2358 3835 tibi
2390 3802 2533 3836 casus
2560 3792 2666 3836 eius

1611 3864 1786 3904 contra
1817 3863 1975 3904 mstos
2002 3853 2154 3901 etiam
2188 3854 2275 3901 Gr.
2316 3853 2424 3919 (123.
2458 3881 2524 3892 -·
2563 3857 2658 3903 hic.

1606 3917 1695 3971 P4.
1715 3949 1784 3959 —
1797 3922 1937 3981 eius).
2008 3920 2136 3969 G—
2152 3922 2239 3969 ulti
2271 3923 2416 3983 flendi
2449 3923 2565 3982 tine.

1674 3995 1716 4039 et
1766 3991 2010 4040 conturbat
2043 4010 2113 4031 =
2145 3987 2236 4036 BG
2253 3991 2419 4049 (S.m.)
2446 3989 2536 4036 DE
2575 3989 2665 4037 Gr.

1605 4059 1711 4110 &to
1733 4090 1782 4110 ..
1802 4059 1938 4110 αἱδί).
2047 4055 2092 4104 G
2109 4060 2235 4103 =et
2268 4058 2548 4104 cotiturbet.
2618 4054 2665 4102 V

1604 4125 1685 4176 z.
1704 4158 1721 4177 .
1741 4158 1757 4176 .
1776 4124 1861 4177 24.
1880 4150 1943 4160 —
1962 4128 2020 4171 et.
2092 4123 2562 4185 mmmm—idem.
2621 4122 2662 4169 Ε

1599 4213 1669 4234 ==
1683 4198 1726 4241 et
1759 4193 1849 4240 ezch
1862 4204 1895 4239 a
1908 4192 1984 4239 rit.
2173 4208 2184 4211 v

1666 4256 1716 4308 3.
1750 4261 1979 4310 Pietatem
2004 4261 2162 4308 tamen
2183 4261 2315 4308 taam
2330 4278 2400 4301 ==
2418 4257 2624 4306 BGDE·
