2767 4934
675 360 952 423 NA‘rUR.
1002 361 1316 437 QUAEST.
1364 363 1507 426 LIB.
1543 365 1680 439 v11,
1726 375 1786 429 9.
2180 369 2300 437 691

134 528 397 611 quinque
439 527 635 591 sidera
679 527 804 611 rapi
853 539 1032 592 uento
1074 541 1178 593 aut
1212 530 1446 595 turbine
1479 532 1709 596 rotari?
1792 532 1978 614 Non,
2039 547 2104 602 ut
2133 548 2300 622 puto.
2326 557 2353 597 s

133 627 385 727 Quure?
442 627 577 711 quia
620 649 739 690 nou
782 640 874 692 est
911 628 1029 692 illis
1074 631 1449 715 perturbatus
1485 643 1548 696 et
1577 634 1850 719 inpotens
1882 655 2115 701 cursus.
2204 637 2303 705 A'd

128 729 403 792 cometas
436 730 591 792 idem
638 730 1095 794 transferamusx
1158 753 1279 795 non
1312 734 1560 797 confuse
1592 754 1703 797 noc
1741 736 2097 801 tumultuose
2131 749 2297 818 eunt,

130 842 198 893 nt
231 830 446 912 aliquis
479 830 684 893 credat
718 830 850 893 illos
883 831 1079 894 causis
1124 832 1474 897 turbulentis
1518 845 1579 897 et
1624 834 2094 901 inconstantibus
2138 835 2299 923 pelli.

127 931 348 993 deinde
376 931 549 993 etiam
573 931 626 994 si
661 932 917 995 uertices
953 933 1049 996 isti
1083 934 1561 1018 conprehendere
1592 945 1829 999 terrena
1865 936 2213 1024 humidaque
2244 952 2309 1008 et

127 1052 218 1095 ex
256 1032 460 1095 humili
494 1032 557 1094 in
585 1032 764 1094 altum
796 1033 1130 1116 exprimere
1167 1046 1447 1117 possent,
1510 1056 1628 1098 non
1662 1046 1862 1100 tamen
1893 1057 2071 1122 supra
2105 1040 2303 1105 lunam

124 1133 514 1196 efferrentur.
605 1129 816 1197 Omnis
851 1133 968 1196 illis
1000 1153 1187 1219 usque
1219 1135 1279 1198 in
1312 1134 1570 1199 nubilum
1608 1137 1697 1201 uis
1729 1148 1857 1201 θεῖε
1906 1151 2169 1206 cometas
2197 1162 2303 1206 au·

126 1244 259 1296 tem
286 1233 571 1296 inmixtos
602 1234 791 1297 stellis
824 1234 1090 1299 uidemus
1123 1256 1231 1321 per
1261 1235 1567 1320 superiora
1598 1236 1888 1302 labentem
1977 1239 2144 1324 Ergo
2189 1263 2300 1310 ue·

125 1333 380 1397 risimile
414 1355 532 1396 non
562 1335 654 1397 est
681 1334 744 1397 in
776 1344 1000 1397 tantum
1029 1336 1279 1419 spatium
1309 1356 1701 1421 perseuerare
1733 1337 2025 1404 turbinem
2055 1340 2154 1423 qui
2184 1363 2298 1424 quo

123 1434 324 1498 maior
354 1446 447 1499 est
474 1435 762 1499 maturius
794 1437 1209 1520 corrumpitur.
1297 1433 1418 1498 IX.
1466 1433 1822 1501 Utrumlibet
1848 1437 2044 1522 itaque
2076 1440 2294 1524 eligatz

121 1547 233 1599 aut
264 1535 419 1599 leuis
452 1535 544 1598 uis
578 1556 652 1598 eo
688 1535 1000 1619 peruenire
1031 1557 1149 1599 non
1180 1536 1397 1621 poterit
1427 1546 1530 1600 aut
1557 1558 1769 1621 magna
1801 1550 1862 1602 et
1890 1540 2182 1604 concitata
2213 1542 2298 1605 ci-

124 1636 250 1699 tius
282 1636 409 1719 ipsa
444 1656 512 1699 se
544 1637 798 1719 franget.
885 1631 1583 1702 Praeterea'humiliores
1616 1639 1699 1701 illi
1731 1637 1998 1703 cometae
2040 1638 2114 1705 ob
2152 1639 2292 1722 hoc,-

124 1747 197 1801 ut
222 1747 464 1820 putant,
523 1758 643 1801 non
673 1748 898 1801 exeunt
932 1738 1106 1801 altius
1126 1783 1144 1816 ‚
1203 1738 1339 1821 quia
1370 1738 1498 1822 plus
1533 1738 1756 1800 terreni
1789 1739 2035 1804 babenb
2092 1744 2294 1824 graui·

124 1849 224 1901 tas
254 1838 391 1901 illos
425 1839 632 1902 suain
664 1838 935 1923 proximo
976 1848 1160 1901 tenet.
1251 1837 1437 1921 Atqui
1479 1830 1728 1901 necesse
1769 1848 1863 1901 est
1904 1840 1995 1902 bis
2043 1843 2292 1907 cometis

124 1937 634 2017 diuturnioribus,
681 1939 1032 2002 celsioribus
1061 1938 1290 2023 plenior
1315 1939 1560 2001 materia
1586 1939 1698 2001 sita
1747 1959 1939 2022 neque
1974 1940 2129 2004 enim
2163 1941 2290 2005 diu·

124 2040 249 2103 tius
289 2040 675 2124 adparerent,
742 2039 856 2102 nisi
886 2040 1206 2103 maioribus
1237 2039 1608 2103 nutrimentis
1635 2039 2091 2104 sustinerentur.
2179 2039 2290 2105 Di·
2314 2054 2342 2097 2

123 2141 334 2205 eebam
367 2142 540 2203 modo
571 2161 690 2203 non
721 2161 896 2225 posse
922 2141 1205 2205 uerticem
1236 2141 1334 2204 diu
1365 2160 1715 2225 permanere
1741 2151 1853 2203 nec
1882 2159 2061 2225 snpra
2091 2141 2288 2208 lunum

125 2349 291 2395 strum
321 2349 422 2393 out
454 2345 750 2394 crederet
779 2345 961 2393 lunam.
1008 2339 1183 2393 P4.=-
1314 2348 1401 2392 αιιι
1432 2345 1548 2393 levis
1574 2346 1648 2392 vis
1679 2357 1745 2393 eo
1773 2345 2014 2404 pervenire
2043 2357 2137 2394 non
2160 2349 2291 2406 pole-

129 2415 246 2462 Nun
261 2426 292 2473 q
304 2426 335 2459 u
352 2425 382 2459 a
392 2425 441 2459 m
504 2416 714 2459 nostrum
769 2425 876 2459 acce
889 2427 920 2459 n
933 2413 1059 2459 deret
1108 2413 1182 2459 lu-

127 2493 266 2529 nam.
328 2476 432 2526 Col.
454 2500 522 2520 =
536 2494 635 2527 nun
648 2492 676 2538 q
688 2494 719 2526 u
736 2492 766 2525 α
780 2492 829 2525 m
860 2482 1071 2525 nostrum
1101 2491 1183 2525 ac-

127 2547 314 2597 cederet
332 2548 513 2594 lunam.
551 2547 600 2599 23
616 2566 687 2587 ===
702 2548 827 2594 Num
849 2559 878 2605 q
894 2547 957 2593 ui
975 2548 1185 2593 nostrum

129 2629 167 2663 a
182 2618 251 2661 ut
307 2615 545 2661 accederet
592 2614 772 2661 lunum.
841 2612 984 2658 Grut.
1021 2608 1082 2659 ci.
1114 2632 1182 2653 ==

130 2684 263 2731 Num
297 2682 403 2741 quis
430 2684 641 2729 nostrum
673 2680 971 2728 accrederet
1000 2680 1184 2727 lunam.

132 2747 233 2803 ΕΙ.
251 2779 303 2801 μ
323 2781 339 2800 .
421 2768 492 2789 =
507 2750 630 2797 Num
663 2749 767 2808 quis
799 2750 1008 2795 nostrum
1040 2760 1065 2794 c
1080 2759 1106 2795 r
1120 2759 1144 2793 e
1160 2772 1182 2782 -

132 2819 166 2866 d
185 2821 315 2864 eret
347 2829 380 2863 a
395 2821 458 2863 ut
489 2817 670 2863 lunam.
739 2812 875 2862 Pinc.
912 2811 972 2863 ci.
1005 2833 1075 2854 =
1109 2815 1183 2860 lu·

132 2885 263 2932 min
276 2897 309 2930 a
344 2887 430 2930 aut
460 2883 661 2942 quinque
695 2882 869 2929 sidera.
906 2881 943 2926 B
963 2907 1026 2914 —
1044 2882 1182 2940 quin-

132 2965 241 3014 que.
316 2946 422 2997 Col.
440 2970 508 2990 =
525 2953 586 2997 ut
619 2950 819 3010 quinque
852 2948 1024 2994 sidera.

205 3015 256 3067 3.
312 3017 519 3079 G(soe)
553 3037 622 3057 =
650 3016 724 3063 Ad
789 3017 990 3062 cometas
1041 3011 1182 3060 inde

132 3085 496 3145 transferamus.
535 3084 568 3129 Β
586 3104 653 3124 =
670 3082 845 3140 transfe
859 3093 885 3128 r
901 3093 930 3127 α
945 3084 1005 3126 tu
1018 3093 1059 3126 r.
1091 3092 1183 3125 non

134 3154 331 3213 confuse
371 3164 403 3197 a
418 3155 479 3199 ut
533 3151 810 3198 tumultuose
859 3161 889 3195 a
904 3151 963 3193 ut
1009 3147 1061 3193 ut
1094 3146 1185 3191 ali-

135 3222 260 3281 quis.
333 3218 404 3265 Ee
422 3239 492 3259 =
525 3231 547 3265 e
562 3231 588 3265 ο
601 3231 625 3264 s
663 3216 798 3279 [sm]
835 3215 992 3263 causis
1024 3214 1185 3261 turbu-

136 3288 275 3336 lentis
324 3289 367 3333 et
414 3289 493 3335 inc
509 3285 873 3332 unctantibus.
958 3279 1001 3328 G
1024 3282 1073 3340 (s
1097 3278 1183 3339 ω)

136 3355 301 3401 —isti
320 3362 438 3418 post
470 3353 675 3401 vertices.
747 3349 793 3397 G
813 3350 907 3411 (cr.
918 3349 1003 3409 ω)
1019 3368 1088 3389 =
1105 3359 1187 3395 ex-

133 3423 342 3483 primere
370 3434 483 3481 poss
495 3434 526 3467 u
542 3434 573 3466 n
586 3422 618 3465 t.

205 3502 305 3536 non
335 3492 492 3537 tamen
526 3497 673 3545 supra
692 3485 857 3532 lunam
879 3484 1190 3545 efferrentur

136 3555 317 3602 ==Ee.
420 3552 508 3601 BG
530 3549 619 3599 P3.
644 3548 750 3598 Col.
774 3551 825 3602 §8
844 3582 861 3601 .
880 3582 898 3602 .
916 3548 1191 3602 ,ῆι-που

138 3627 301 3672 tamen
340 3620 513 3684 [fflsstl.
532 3640 602 3661 ==
632 3617 900 3679 tantum]
937 3630 1083 3677 supra
1118 3615 1191 3662 lu-

136 3703 259 3750 nam
310 3690 541 3752 efferren
557 3691 591 3735 t.
663 3679 751 3732 P4.
785 3703 856 3725 =
889 3696 984 3732 non
1032 3693 1193 3743 super

138 3757 311 3805 lunam
344 3758 486 3817 effer
501 3769 524 3803 e
539 3757 615 3802 nt.
668 3749 806 3799 Pinc.
831 3748 890 3799 ci.
911 3771 978 3792 =
995 3764 1089 3799 non
1119 3752 1193 3795 to-

139 3837 251 3872 men
284 3836 434 3884 supra
468 3822 715 3870 lumina
748 3820 1026 3881 efferrent.
1063 3816 1193 3865 G=

142 3893 380 3952 usquein
400 3892 646 3938 nubium.
701 3886 825 3933 B=
846 3887 1076 3934 Cometes
1106 3897 1195 3931 au·

96 3971 101 3982 ·
141 3962 253 4007 tem.
325 3956 366 4004 B
398 3977 468 3999 ==
498 3956 703 4004 turbine
747 3968 781 4013 p
798 3965 861 4000 er
910 3951 1072 4012 quod
1104 3961 1195 4011 quo

140 4025 384 4073 mulnarius
416 4025 571 4073 maior
603 4025 669 4069 est
703 4019 1032 4079 corrumpitur.

555 4137 676 4203 Cap.
711 4135 807 4186 IX.

144 4259 153 4264 -
211 4226 266 4278 Β
303 4244 373 4267 ==
410 4223 671 4273 Utrolibet
701 4223 798 4269 ito
830 4220 989 4281 eligat.
1061 4217 1097 4265 B
1130 4236 1199 4258 ====

151 4294 430 4343 Utrumlibet
461 4291 673 4353 igitur
705 4289 862 4350 eliyat.

1245 2413 1321 2460 rit.
1393 2412 1466 2458 Ita
1498 2408 1814 2458 scribendum
1847 2408 2061 2459 videtur.
2129 2412 2291 2459 Ee===

1248 2482 1332 2525 aut
1365 2479 1479 2525 levis
1509 2480 1584 2527 vis
1617 2482 1674 2525 et
1712 2479 1952 2536 pervenire
1983 2492 2078 2526 non
2103 2481 2290 2538 poterit.

1247 2545 1286 2592 B
1307 2565 1377 2587 .--.
1410 2548 1494 2591 aut
1522 2546 1597 2592 vis
1628 2545 1743 2592 levis
1774 2547 2020 2591 tantum
2047 2547 2291 2603 pervenire

1245 2625 1340 2661 non
1368 2612 1550 2671 poterit.
1620 2609 1666 2657 G
1694 2630 1763 2651 =
1794 2613 1879 2657 out
1910 2612 1985 2658 vis
2013 2611 2155 2659 lenis
2183 2613 2285 2661 in-

1247 2680 1321 2727 de
1351 2678 1595 2740 pervenire
1624 2691 1719 2725 non
1747 2679 1930 2736 poterit.
1998 2673 2085 2726 1²3.
2103 2699 2173 2721 ==
2204 2681 2291 2727 aut

1245 2749 1361 2795 levis
1394 2747 1467 2794 vis
1500 2747 1579 2792 ίιῖι
1599 2745 1841 2805 pervenire
1870 2757 1965 2793 non
1981 2748 2164 2805 poterit.
2195 2739 2289 2794 P4.

1247 2835 1318 2856 =
1349 2816 1434 2861 aut
1463 2814 1538 2860 vis
1569 2813 1714 2861 lenis
1753 2825 1886 2860 cum
1924 2816 2167 2871 pervenire
2195 2825 2292 2862 non

1245 2882 1426 2942 poterit.
1500 2878 1607 2928 Col.
1637 2899 1708 2921 =
1736 2883 1821 2926 aut
1867 2881 1941 2927 vis
1983 2881 2097 2929 levis
2142 2880 2293 2930 inde

1245 2947 1488 3006 pervenire
1521 2958 1615 2992 non
1643 2948 1869 3004 poterat.
1940 2944 2084 2992 Grut.
2126 2945 2186 2993 ci.
2221 2965 2293 2988 aa

1249 3016 1334 3060 aut
1364 3014 1438 3058 vis
1471 3012 1586 3057 levis
1635 3023 1886 3058 sursum
1926 3013 2168 3069 pervenire
2199 3025 2295 3060 non

1245 3080 1428 3139 poterit·
1477 3077 1859 3128 ffluoffi=aut
1890 3077 1965 3123 vis
1996 3077 2111 3124 levi,
2142 3078 2294 3125 ‘nd‘

1244 3145 1487 3207 pervenire
1519 3156 1613 3190 non
1639 3143 1823 3202 poterit.
1891 3140 1959 3191 §m
1978 3174 2036 3193 ..0
2051 3141 2103 3194 R
2119 3164 2189 3185 ==
2210 3146 2296 3191 aut

1247 3214 1320 3261 vis
1354 3212 1469 3258 levis
1501 3213 1626 3257 tam
1658 3209 1791 3256 olle
1818 3209 2060 3268 pervenire
2084 3223 2179 3258 non
2204 3222 2295 3270 po-

1248 3282 1365 3328 terit.
1439 3277 1841 3337 G(sm)==uut
1870 3276 2117 3323 concitata.
2170 3277 2294 3323 Βε-

1249 3349 1360 3407 ipsa
1394 3347 1530 3392 citius
1562 3358 1609 3393 se
1641 3345 1841 3406 franget.
1908 3342 2107 3404 Ε(εω)
2140 3367 2211 3380 -
2239 3345 2294 3390 ut

1253 3421 1370 3462 ante
1399 3416 1587 3473 putant.
1660 3413 1695 3458 B
1727 3430 1798 3452 =--
1822 3413 1876 3457 ut
1905 3413 2083 3469 putat.
2150 3409 2191 3457 B
2224 3428 2297 3451 εει

1251 3483 1303 3530 in
1331 3481 1632 3541 proximum
1664 3480 1796 3526 tenet.
1865 3476 1937 3524 Ee
1954 3474 2106 3529 2351.
2134 3502 2205 3516 -
2229 3479 2299 3526 est

1255 3556 1372 3613 post
1404 3559 1601 3595 necesse.
1667 3545 1708 3593 B
1748 3548 1802 3600 -ι-
1840 3545 1979 3605 Atqui
2022 3556 2201 3593 necesse
2230 3547 2299 3594 est

1257 3617 1320 3664 in
1354 3615 1426 3663 his
1458 3614 1657 3662 cometis.
1728 3610 1775 3661 G
1792 3632 1862 3654 =
1879 3613 2019 3672 Atqui
2048 3624 2229 3659 necesse
2249 3609 2296 3675 [s

1256 3680 1329 3748 in]
1364 3682 1492 3730 hiis
1524 3681 1725 3729 cometis.

1326 3750 1725 3807 diuturnioribus,

1262 3815 1351 3863 Gr.
1373 3812 1525 3867 ffioel.
1617 3816 1656 3862 B
1681 3821 1733 3870 ÷
1759 3809 2124 3861 diuturnioribus
2144 3810 2308 3857 celsio·

1253 3885 1431 3942 ribusq
1445 3896 1477 3929 u
1493 3895 1530 3929 e.
1600 3878 1697 3932 (ξῖ.
1716 3910 1775 3931 0..
1792 3877 1842 3928 St*
1862 3881 1916 3932 -l-
1936 3876 2306 3924 diuturnioribus

1259 3953 1314 3998 et
1364 3949 1645 3997 celsioribus.
1712 3944 1949 4007 G(mcx>)
1983 3968 2049 3978 —
2083 3944 2143 3990 sit
2189 3947 2309 4007 post

1260 4016 1480 4064 materia.
1552 4011 2171 4072 G(er.m)==apparent.

1331 4080 1381 4128 2.
1434 4094 1528 4128 non
1564 4092 1701 4139 posse
1741 4080 1958 4128 verticem
1990 4076 2077 4123 diu
2118 4087 2311 4137 perma-

1262 4159 1456 4197 nere==
1479 4147 1565 4193 Ee.
1670 4139 1910 4194 B-diu,
1981 4141 2311 4196 Gss...3=

1263 4229 1359 4264 non
1389 4226 1523 4274 posse
1564 4213 1651 4266 diu
1698 4214 1930 4261 verticem.
2002 4207 2127 4259 Cod.
2173 4209 2310 4260 Frat.

1267 4280 1394 4331 Min.
1423 4278 1566 4328 Pinc.
1601 4277 1750 4328 εἰει
1774 4280 1999 4334 nedum
2027 4291 2178 4339 supra
2207 4279 2311 4325 lu-

1736 4344 1883 4412 44*

1791 3745 2055 3796 celsioribus
2087 3762 2155 3783 ==
2182 3739 2305 3789 Eat}
