2767 4934
568 322 674 384 DE
714 322 1317 385 CONSOLATIONE.
1404 323 1616 387 XVIII.
1665 328 1817 401 [32]

2137 317 2266 389 349

77 573 78 586 χ
169 486 314 551 dolori
360 487 740 570 uidebantur,
801 491 996 576 cogita
1042 513 1214 576 qnam
1268 512 1388 555 non
1443 491 1631 577 possit
1671 492 1725 556 is
1768 490 1996 555 alienae
2050 508 2267 554 nacarc

169 591 497 653 consolationi
535 612 707 675 quem
747 614 856 656 sua
901 594 1052 656 mala
1088 604 1433 678 occupatum
1478 603 1684 657 tenent
1720 604 1780 657 ct
1814 614 1986 678 qnam
2028 612 2146 655 non
2184 593 2270 654 [ιι-

168 689 251 753 sile
275 688 475 754 Latina
512 693 567 755 ei
601 693 820 757 homini
852 694 1035 757 uerba
1066 705 1415 758 succurrant
1443 714 1614 779 quem
1649 693 2031 758 harbarorum
2062 692 2268 756 incon-

166 825 379 887 debuntur,
423 831 578 890 coyita
609 842 755 889 quam
802 845 895 879 non
938 831 1084 891 possit
1114 833 1158 880 is

164 895 307 942 alienae
348 909 515 944 vacare
563 899 867 945 consolationi
900 909 1050 959 quem·
1068 912 1158 947 sua

165 963 264 1007 mala
292 968 557 1023 occupatum
607 969 757 1012 tenent
802 969 844 1012 et
881 979 1024 1027 quam
1067 981 1161 1016 non

165 1028 272 1087 facile
299 1030 464 1078 Latina
497 1034 539 1078 ei
573 1032 751 1079 homini
795 1035 936 1081 verba
971 1047 1160 1082 succur-

163 1101 247 1143 rant
283 1110 407 1157 quem
452 1100 766 1147 barbarorum
811 1102 1072 1149 inconditus
1120 1104 1162 1148 et

163 1163 337 1211 barbaris
376 1179 552 1227 quoque
600 1167 955 1215 humanioribus
1000 1170 1163 1228 yram-is

163 1229 334 1289 fremitus
360 1235 754 1282 cucumsonat=
772 1238 809 1281 Α
861 1232 966 1297 ised
991 1233 1164 1285 scribit

162 1297 361 1360 vagare).
425 1301 626 1347 B=oe
660 1302 922 1351 videbitur
956 1320 1007 1348 ω
1050 1317 1163 1352 vo·

165 1377 256 1411 care
282 1369 574 1416 consolationi
612 1387 664 1412 ω
700 1370 874 1417 Latina
907 1373 1048 1419 verba
1081 1373 1164 1420 llo-

165 1433 257 1509 tnini
295 1442 558 1484 succurrant
598 1454 680 1483 ω.
750 1438 795 1483 G
831 1459 898 1479 =
940 1455 991 1483 ω
1027 1441 1165 1501 lonyo

164 1511 240 1546 iam
266 1503 312 1547 si
354 1504 546 1552 obsoleto
581 1509 629 1554 et
677 1506 861 1554 ebetato
901 1524 952 1552 ω
990 1508 1166 1554 mederi

168 1569 247 1613 luo
276 1568 337 1628 [m
366 1570 538 1636 dolori]
568 1572 828 1621 videbitur
853 1593 903 1619 ω
926 1575 1165 1635 possitis

171 1634 309 1683 alienae
349 1650 537 1687 vocare
585 1642 896 1691 consolationi
932 1660 982 1687 ω
1023 1642 1165 1704 facili

172 1699 306 1748 Latina
337 1707 474 1754 verba
505 1707 692 1755 homini
735 1714 1010 1759 succurrant
1054 1722 1165 1771 que

167 1770 295 1845 arans
328 1773 544 1832 sranitet
584 1774 662 1837 [m
702 1775 936 1841 fremitus]
974 1781 1028 1826 et
1065 1775 1161 1841 [m]

166 1845 426 1887 circumsonat
459 1840 640 1907 (verba
672 1845 712 1888 et
742 1844 959 1894 barbaris
990 1856 1168 1907 quoque

166 1901 466 1957 humanioribus
498 1917 752 1974 expuncta
784 1921 898 1959 suut
922 1928 962 1960 s.
981 1910 1086 1975 m.).
1125 1909 1168 1959 V

167 1988 216 2010 =
234 1989 275 2016 ω
295 1974 420 2035 lonyo
450 1978 542 2025 situ
579 1978 780 2026 obsoleto
802 1998 854 2025 ω
899 1980 1015 2044 (om.
1048 1987 1170 2026 tan-

168 2043 250 2086 tum
272 2041 390 2103 iam).
443 2044 487 2092 D
504 2066 579 2088 .=-.
609 2062 660 2088 ω
682 2047 850 2095 videbi
862 2052 938 2095 tur
960 2064 1011 2091 ω
1035 2059 1170 2093 occu-

165 2110 296 2183 vfllum
338 2113 504 2159 teneat
555 2113 638 2176 [m
682 2112 853 2180 tenent]
895 2132 946 2158 ω
993 2114 1171 2161 Latina

168 2183 200 2219 tt
222 2176 342 2222 verba
371 2180 545 2229 homini
570 2197 652 2226 ω.
723 2181 759 2229 E
785 2203 855 2224 =
877 2199 929 2227 ω
967 2180 1173 2228 videbi-

171 2241 228 2287 tur
245 2259 287 2286 ω
309 2244 472 2296 Latina
519 2251 564 2296 ei
599 2249 743 2295 verba
777 2252 953 2299 homini
981 2260 1172 2296 succur-

171 2313 254 2355 rant
283 2328 351 2359 ω.
435 2313 699 2375 Quaedam
761 2333 869 2365 cxx.
932 2314 1070 2365 Pinc-
1101 2335 1170 2356 ==

172 2374 284 2455 Quat·
311 2381 633 2432 Barbas-orum
667 2384 943 2444 inconditus,
975 2388 1017 2432 el
1051 2384 1172 2431 Bar-

171 2441 267 2491 bam
291 2460 456 2508 quoque
488 2452 852 2500 humanioribus
881 2454 1045 2513 pravis
1077 2452 1172 2512 fre·

172 2510 280 2559 milas
322 2517 650 2566 circumsonat.
717 2517 803 2566 P2.
835 2541 904 2561 =
938 2521 1066 2567 Haec
1097 2521 1172 2565 ut·

77 2631 78 2644 ,
173 2588 324 2640 cumque
348 2589 536 2643 potuit
573 2587 714 2645 lonyo
744 2589 842 2634 iam
891 2587 1048 2649 fieri
1091 2586 1171 2633 ob·

77 2671 78 2680 κ
172 2646 278 2694 soleto
307 2654 344 2696 et
374 2655 561 2701 ebetato
592 2654 752 2701 animo
785 2656 1092 2715 composuioe
1118 2656 1173 2700 el

176 2709 279 2770 [sm.
309 2722 404 2781 autj
451 2734 638 2781 parum
686 2723 861 2770 mederi
895 2740 946 2766 ω
990 2724 1173 2781 tenent,-

173 2790 285 2855 quam
312 2799 398 2834 non
426 2788 571 2849 facile
602 2789 754 2836 latina
787 2791 829 2836 ei
850 2792 991 2838 verba
1024 2790 1174 2836 homi·

172 2857 211 2891 ni
237 2866 300 2895 ω.
378 2854 568 2904 Eadem
625 2853 811 2903 habent
854 2855 942 2905 P3.
972 2850 1023 2904 4.
1061 2856 1168 2903 Ort.

174 2924 479 2984 praeterquam
506 2920 648 2987 quod
679 2920 768 2972 1²3.
785 2917 835 2971 4.
865 2925 973 2972 Ort.
999 2945 1066 2965 =
1097 2927 1173 2971 ut-

174 2991 331 3043 fflmque
356 2993 501 3047 potui.
572 2986 662 3038 P3.
695 3012 765 3032 =
790 2993 927 3053 longo
960 2996 1083 3039 tam
1116 2990 1173 3037 si

175 3050 217 3093 et
241 3053 434 3116 obsolelo‚
462 3055 592 3105 item
622 3063 704 3105 aut
725 3073 919 3119 parum,
953 3075 1047 3107 nec
1072 3070 1173 3104 nou

172 3115 246 3192 lette
259 3132 326 3195 “.'¹
338 3126 369 3181 l,
387 3121 605 3188 deniqne
631 3127 847 3175 barbaris
865 3139 1045 3187 quoque
1061 3137 1176 3186 fira-

171 3191 228 3229 vts
264 3200 359 3234 siue
404 3192 776 3241 humanioribus.
843 3188 917 3241 P4
965 3195 1070 3241 Ort.
1105 3212 1175 3233 =

175 3247 283 3311 longo
308 3257 403 3304 iam
435 3273 497 3307 sc
514 3259 547 3305 d
578 3262 791 3320 obsoleto,
823 3258 943 3308 item
978 3265 1063 3308 aut
1086 3273 1178 3321 pa·

173 3327 285 3379 Μης
305 3333 559 3386 praeterea
576 3341 604 3388 q
618 3341 652 3374 u
667 3342 697 3374 a
712 3341 760 3375 m
793 3341 883 3376 sua
907 3330 1055 3376 mala.
1086 3321 1173 3375 P4.

176 3401 229 3423 ==
253 3388 380 3446 facili
427 3395 572 3441 Latin
588 3407 656 3442 ae
703 3398 845 3443 verba
894 3397 1177 3444 hominum.

176 3449 495 3530 Oft·=verba
528 3462 719 3509 homini.
787 3459 877 3511 1³3.
914 3461 1085 3527 [immo
1102 3456 1175 3525 4.)

178 3536 230 3559 τ-
251 3523 451 3576 barbaris
484 3542 664 3589 quoque
695 3530 1047 3578 humanioribus
1076 3543 1143 3590 9e
1159 3554 1181 3565 -

176 3592 317 3638 neris
357 3595 572 3654 fremitus·
603 3595 732 3660 [Ort.
762 3598 854 3660 =]
894 3602 947 3645 et
981 3599 1182 3645 circum-

177 3661 300 3704 sonat.
363 3661 673 3715 Qt‚„·>13=
696 3681 747 3709 ω
775 3667 911 3726 lonyo
943 3667 1041 3711 iam
1075 3665 1183 3712 sed

178 3720 344 3773 obsoleto
378 3747 428 3773 ω
464 3735 742 3791 occupatum
774 3733 1098 3796 recerunt:
1144 3736 1187 3780 et

177 3798 297 3868 wll}
317 3812 364 3838 ω
390 3798 562 3846 Latina
594 3801 637 3846 ei
667 3802 811 3847 verba
843 3800 1018 3847 homini
1038 3816 1089 3844 ω
1111 3802 1185 3847 in·

179 3858 362 3909 conditus
390 3867 625 3926 gravisqu
642 3879 665 3913 e
692 3868 906 3928 fremitus
937 3869 1185 3915 circumso-

179 3926 278 4002 ΜΡ.
305 3927 394 3983 til.
408 3930 458 3983 2.
478 3934 516 3984 (⁵,
530 3951 657 3977 πω
680 3935 857 3982 Latina
886 3935 929 3981 ei
946 3936 1087 3982 verba
1104 3935 1186 3981 ho-

181 3996 277 4063 nuni
306 4012 353 4039 ω
378 4000 637 4048 inconditus
670 4004 945 4063 gravisque
977 4003 1189 4063 fremitus

157 4065 457 4136 'mrcumsonat
505 4066 638 4132 ((ξιῖ.
669 4069 709 4121 Q
738 4090 810 4111 ==
836 4068 1070 4133 vacari).
1138 4068 1189 4118 <5

1223 838 1298 882 tus
1329 834 1655 882 circumsonat.
1721 830 1789 882 ml
1805 865 1821 883 .
1842 865 1860 883 .
1879 864 1895 882 .
1912 827 2083 883 24.=
2113 848 2166 876 ω
2190 839 2267 877 co·

1222 893 1340 962 bita,
1374 913 1521 960 quam
1552 913 1645 947 non
1678 900 1817 960 facile
1844 899 2019 946 Latina
2051 900 2094 947 ei
2126 897 2270 947 verba

1222 971 1516 1026 succurrant,
1547 980 1683 1027 quem
1708 968 2027 1015 Barbam-um
2057 965 2271 1014 incondi-

1224 1040 1300 1083 tus
1345 1036 1623 1096 gravisque
1683 1034 1895 1095 fremitus
1943 1035 2270 1082 circumsonat.

1228 1104 1549 1156 OEtoooosso
1580 1122 1646 1142 =
1682 1119 1733 1146 ω
1773 1105 1957 1162 tenen-‘5'
1989 1115 2135 1162 quam
2172 1113 2268 1148 non

1227 1172 1366 1234 facile
1386 1171 1559 1218 Latina
1582 1171 1625 1218 ei
1656 1171 1797 1217 verba
1821 1169 1997 1218 homini
2018 1187 2093 1216 ω.
2130 1165 2268 1233 Lips.

1232 1237 1433 1306 gEIectt.
1454 1237 1493 1296 1,
1510 1230 1617 1299 26.)
1656 1235 1779 1284 haec
1812 1251 1912 1283 non
1945 1237 2164 1284 Senecae
2192 1251 2270 1283 es·

1228 1322 1283 1355 sc
1311 1313 1496 1354 censet.
1533 1303 1675 1352 Grut.
1697 1302 1843 1352 ei.=
1865 1321 1916 1348 ω
1941 1306 2273 1366 οορὶια,ᾳυαπι

1229 1390 1319 1423 non
1365 1375 1511 1434 possit
1550 1374 1593 1421 is
1626 1374 1809 1420 alienae
1844 1384 2016 1419 vacare
2059 1371 2272 1419 consola·

1227 1444 1369 1501 lioni,
1403 1454 1542 1502 quem
1574 1453 1665 1488 sua
1699 1441 1833 1487 mala
1863 1443 2105 1500 occupata
2140 1436 2267 1500 [um]

1228 1513 1378 1557 tenent
1420 1505 1619 1573 reliquis
1652 1504 1872 1555 resectis.
1943 1509 1988 1555 A
2019 1527 2088 1548 =
2122 1507 2176 1553 L.
2210 1506 2268 1553 A.

1228 1579 1432 1626 Senecae
1466 1577 1538 1628 Ad
1575 1576 1820 1635 Polybium
1850 1575 1918 1623 De
1963 1574 2274 1624 consolatione

1229 1646 1433 1705 explicit.
1482 1644 1649 1704 Incipit
1682 1651 1778 1691 etc.
1850 1642 2166 1701 D=Anney
2195 1642 2271 1687 lu·

1230 1714 1292 1761 cii
1339 1712 1759 1759 cordubensis
1798 1711 1967 1759 Senece
1999 1711 2057 1758 de
2090 1710 2170 1758 Ira
2203 1706 2272 1754 ad

1230 1780 1465 1828 Nouatum
1502 1779 1634 1825 Liber
1660 1780 1846 1837 primus
1884 1779 2048 1837 incipit
2080 1776 2275 1837 feliciter

1235 1848 1306 1910 (m
1340 1846 1543 1904 Explicit
1574 1845 1690 1892 liber
1721 1846 1852 1891 anei
1883 1846 1996 1891 lucii
2026 1853 2181 1892 senece
2213 1840 2272 1887 de

1230 1913 1452 1961 brevitate
1498 1912 1588 1959 vite
1636 1912 1703 1958 ad
1731 1912 1982 1971 paulinum
2020 1910 2181 1969 incipit
2215 1908 2272 1954 li-

1233 1981 1316 2028 ber
1356 1980 1542 2039 primus
1574 1978 1779 2025 eiusdem
1811 1978 1869 2025 de
1911 1979 1987 2025 ira
2028 1978 2092 2024 ad
2127 1987 2275 2023 nova-

1232 2052 1347 2096 tum.
1381 2044 1609 2106 rubrica).
1682 2044 1807 2092 E==
1838 2045 2041 2105 Explicit
2074 2045 2189 2091 liber
2221 2041 2280 2089 de

1236 2116 1458 2162 brevitate
1506 2115 1596 2161 vile
1629 2105 1695 2161 a⁸d
1740 2114 1991 2173 paulinum
2028 2113 2086 2160 de
2132 2113 2281 2159 morte

1235 2183 1415 2243 fratris.
1481 2182 1648 2241 Incipit
1674 2189 1770 2229 etc.
1842 2179 1971 2246 G‚=
1988 2181 2192 2241 Explicit
2221 2178 2280 2225 li·

1237 2252 1316 2297 ber
1349 2252 1491 2298 annei
1522 2250 1634 2298 lucii
1663 2262 1819 2297 senece
1847 2249 1904 2297 de
1935 2251 2155 2297 brevitate
2188 2247 2280 2294 vite

1236 2317 1302 2364 ad
1333 2319 1584 2379 paulinum
1634 2314 1707 2382 [m
1731 2316 2124 2379 pollionem].
2157 2314 2280 2363 Inci-

1233 2387 1303 2447 pit
1337 2387 1540 2435 eiusdem
1591 2386 1656 2432 ad
1689 2388 1913 2433 novatum
1948 2391 2044 2432 etc.
2115 2383 2164 2434 δί
2185 2415 2202 2433 .
2224 2414 2276 2435 ..

1238 2455 1288 2506 §B
1320 2476 1388 2496 =
1422 2454 1625 2513 Explicit
1660 2454 1774 2500 liber
1804 2453 1863 2499 de
1901 2454 2118 2500 brevitate
2152 2451 2278 2500 vitae

1236 2524 1302 2570 ad
1333 2522 1605 2570 Paulinum.
1677 2518 1771 2570 (51.
1789 2540 1859 2560 =
1877 2519 2008 2565 Libri
2036 2518 2094 2564 de
2127 2517 2278 2563 brevi-

1235 2593 1329 2638 tate
1360 2591 1485 2637 vitae
1519 2588 1641 2649 finis.
1710 2585 1757 2633 V
1787 2583 1959 2634 eadem
2011 2599 2105 2649 qua
2150 2597 2277 2630 con-

1237 2665 1403 2704 textus
1434 2671 1597 2712 mauu,
1616 2652 1706 2703 sed
1722 2651 1922 2701 minutis
1954 2649 2130 2700 litteris
2147 2646 2278 2698 scri-

1238 2732 1326 2790 pta
1358 2722 1484 2771 haec
1512 2720 1735 2770 subiicit:
1788 2724 1968 2770 Divisio
1996 2720 2279 2781 praeceden-

1239 2796 1298 2841 tis
1347 2793 1453 2839 libri
1502 2792 1559 2840 de
1608 2791 1830 2839 brevitate
1878 2792 2003 2839 vitae
2052 2789 2163 2836 talis
2198 2789 2278 2835 est.

1238 2861 1471 2909 Paulinus
1515 2859 1724 2906 eruditus
1774 2860 1823 2905 in
1874 2858 2067 2905 scientia
2102 2857 2279 2903 littera·

1236 2941 1340 2975 rum
1371 2929 1650 2985 procurator
1682 2926 1900 2972 Caesaris
1929 2925 1987 2972 de
2019 2927 2164 2971 morte
2198 2935 2281 2969 cu·

1235 2994 1427 3041 iusdam
1476 2992 1641 3052 fratris
1662 2993 1747 3037 ‘sui
1789 2991 2089 3038 immoderate
2120 2989 2281 3036 turba-

1240 3064 1315 3107 tus
1348 3060 1498 3119 longis
1543 3058 1759 3104 insistens
1791 3059 1971 3118 fletibus
2017 3060 2059 3102 et
2089 3056 2283 3115 publica

1239 3127 1482 3174 declinans
1516 3125 1746 3171 consortia
1785 3136 1878 3170 non
1908 3126 2089 3183 poterat
2122 3133 2283 3168 conso-

1241 3194 1348 3242 lari.
1420 3192 1556 3251 Quod
1606 3190 1804 3237 audiens
1837 3191 2014 3238 Seneca
2062 3192 2170 3236 tunc
2198 3198 2284 3246 per

1240 3264 1455 3310 senatum
1489 3260 1544 3307 R.
1578 3258 1810 3318 relegatus
1858 3258 1981 3306 hunc
2027 3255 2285 3304 consolato-

1239 3331 1366 3378 rium
1399 3327 1604 3375 libellum
1625 3325 1873 3374 destinavit
1897 3325 2064 3384 eidem,
2096 3323 2177 3384 qui
2209 3321 2285 3369 cli·-

1238 3397 1343 3446 vidi
1372 3399 1520 3456 potest
1550 3396 1601 3441 in
1634 3394 1757 3442 duas
1800 3394 2084 3455 principales
2112 3393 2288 3452 partes.

1241 3465 1296 3513 ln
1328 3465 1487 3525 prima
1517 3475 1718 3522 namque
1741 3463 1917 3511 Seneca
1948 3466 2173 3510 naturam
2205 3471 2288 3505 ex·

1243 3535 1410 3591 cusat,
1455 3544 1601 3591 quam
1649 3532 1935 3578 accusabant
1979 3530 2177 3590 quidam
2230 3525 2288 3572 dc

1245 3601 1394 3648 nimia
1435 3599 1831 3658 nostri1temporis
1876 3599 2096 3644 brevitate
2113 3630 2129 3655 ,
2174 3605 2288 3653 pro-

1249 3669 1367 3715 bans
1398 3668 1549 3715 vitam
1583 3666 1820 3713 cuiuslibet
1867 3677 1962 3711 esse
1993 3665 2289 3721 lon9aevam,

1249 3736 1363 3783 dum
1422 3736 1606 3781 lantum
1655 3734 1827 3780 utiliter
1877 3731 2170 3789 disponatur.
2236 3724 2292 3772 In

1248 3802 1455 3850 secunda
1485 3802 1620 3859 parte
1665 3811 1785 3858 quae
1833 3797 1998 3855 incipit
2039 3795 2106 3841 ibi
2155 3792 2292 3839 Ini-

1250 3869 1565 3929 quissima
1614 3865 1880 3912 omnium
1904 3866 1986 3909 etc.
2021 3859 2295 3921 aggreditur

1250 3935 1391 3983 suum
1419 3932 1679 3993 principale
1721 3932 2011 3990 propositum
2042 3929 2100 3975 de
2133 3938 2294 3974 conso·

1253 4003 1424 4049 latione
1438 3999 1634 4048 Paulini
1665 4011 1809 4057 usque
1841 3998 1907 4044 ad
1941 3998 2097 4058 tinem.
2128 3995 2298 4042 Prima
2346 4005 2360 4016 ·

1252 4082 1370 4131 pars
1402 4065 1640 4115 subdividi
1671 4068 1819 4125 potest
1865 4067 1915 4113 in
1953 4066 2003 4112 V.
2033 4063 2297 4125 particulas

184 4138 240 4162 ’ξ
266 4144 311 4171 ω
336 4135 479 4193 coyita
496 4169 513 4194 ‚
545 4148 689 4195 quam
722 4151 815 4185 non
844 4137 984 4198 facile
1016 4137 1193 4183 Latina
1256 4137 1369 4197 quia
1398 4135 1555 4195 primo
1582 4134 1838 4192 praemittit
1869 4134 2121 4193 querelam,
2152 4143 2299 4192 quam

185 4190 221 4234 ti
244 4198 372 4244 verba
401 4201 573 4250 homini
593 4207 885 4263 succurrant,
912 4217 1049 4265 quem
1070 4205 1192 4252 Bar-

185 4253 377 4313 boeurum
407 4269 666 4321 inconditus
707 4273 901 4334 aravisq
915 4284 985 4321 ue
1032 4271 1193 4332 {remi-

1256 4204 1453 4266 quidam
1467 4201 1648 4262 faciunt
1663 4202 1720 4249 de
1739 4203 1960 4252 brevitooe
1983 4202 2126 4260 vitae,
2153 4210 2301 4260 quam

1255 4275 1430 4322 natura
1446 4268 1574 4320 dedit
1587 4270 1839 4321 breviorem
1868 4270 2128 4320 hominibus
2155 4276 2302 4324 quam
